Date and Time	Stepnumber	 T1  [°C]	 T2  [°C]	 T3  [°C]	 T4  [°C]	 P1 [psig] 	 P2 [psig] 	 P3 [psig] 	 P4 [psig] 	 P5 [psig] 	 P6 [psig] 	 P7 [psia] 	 P8 [psia] 	 P9 [psia] 	MFC1 SP [ml/min]	MFC2 SP [ml/min]	MFC3 SP [ml/min]	MFC4 SP [ml/min]	MFC5 SP [ml/min]	MFC6 SP [ml/min]	MFC1 CSP [ml/min]	MFC2 CSP [ml/min]	MFC3 CSP [ml/min]	MFC4 CSP [ml/min]	MFC5 CSP [ml/min]	MFC6 CSP [ml/min]	MFC1Flow [ml/min]	MFC2Flow [ml/min]	MFC3Flow [ml/min]	MFC4Flow [ml/min]	MFC5Flow [ml/min]	MFC6Flow [ml/min]	SV1 SP	SV1 Feedback	SV2 SP	SV2 Feedback	BV1	BV2	BV3	BV4	BV5	BV6	TR1 SP [°C]	TR1 CSP [°C]	TR1 T [°C]	TR2 SP [°C]	TR2 CSP [°C]	TR2 T [°C]	Extra AI1, Extra AI1 [Kg]	Extra AI2, Extra AI2 [psi]	Extra AI3, Extra AI3 [apples]	Extra AI4, Extra AI4 [barrels]	Extra TC1 - Extra TC1 [°C]	Extra TC2 - Extra TC2 [°C]	Extra TC3 - Extra TC3 [°C]	Extra TC4 - Extra TC4 [°C]	Extra TC5 - Extra TC5 [°C]	Extra TC6 - Extra TC6 [°C]	Extra TC7 - Extra TC7 [°C]	Extra TC8 - Extra TC8 [°C]	Extra DO 1	Extra DO 2	Extra DO 3	Extra DO 4	
6/14/2021 16:21:03	0	2300.219119	2300.219119	2300.553746	2300.553746	38.706421	35.939952	41.897544	21.463028	33.594850	40.571665	16.979523	6.151722	-4.229299	10.000000	0.000000	0.000000	0.000000	0.000000	0.000000	10.000000	0.000000	0.000000	0.000000	0.000000	0.000000	11.477632	0.374095	0.333053	0.057200	0.139788	0.121033	A	Moving or Left	A	A	1	0	0	0	0	0	0.000000	0.000000	26.550327	0.000000	0.000000	0.000000	-0.128746	-0.021710	0.044284	0.100429	2300.553746	2300.219119	2300.219119	2300.553746	2300.553746	2300.553746	2300.394651	2300.394651	0	0	0	0	
6/14/2021 16:21:33	0	2300.198863	2300.198863	2300.532837	2300.532837	38.687824	35.917171	41.890229	21.452139	33.594887	40.570115	17.373288	7.260864	0.958321	10.000000	0.000000	0.000000	0.000000	0.000000	0.000000	10.000000	0.000000	0.000000	0.000000	0.000000	0.000000	11.418532	0.365886	0.321562	0.054672	0.137818	0.112168	A	Moving or Left	A	A	1	0	0	0	0	0	0.000000	0.000000	26.463154	0.000000	0.000000	0.000000	0.082042	0.099444	0.093862	0.123740	2300.532837	2300.198863	2300.198863	2300.532837	2300.532837	2300.532837	2300.374134	2300.374134	0	0	0	0	
6/14/2021 16:21:48	0	2300.189610	2300.189610	2300.523607	2300.523607	38.695046	35.935024	41.893391	21.446253	33.595110	40.565249	17.407890	8.095382	5.272586	10.000000	0.000000	0.000000	0.000000	0.000000	0.000000	10.000000	0.000000	0.000000	0.000000	0.000000	0.000000	11.411966	0.403644	0.331412	0.059498	0.134535	0.119063	A	Moving or Left	A	A	1	0	0	0	0	0	0.000000	0.000000	26.424105	0.000000	0.000000	0.000000	0.410373	0.333215	0.259012	0.238328	2300.523607	2300.189610	2300.189610	2300.523607	2300.523607	2300.523607	2300.364931	2300.364931	0	0	0	0	
6/14/2021 16:22:03	0	2300.161798	2300.161798	2300.495868	2300.495868	38.687669	35.926842	41.884340	21.441242	33.594748	40.572595	17.733691	8.839434	0.012729	10.000000	0.000000	0.000000	0.000000	0.000000	0.000000	10.000000	0.000000	0.000000	0.000000	0.000000	0.000000	11.346299	0.379020	0.331412	0.055821	0.143071	0.109213	A	Moving or Left	A	A	1	0	0	0	0	0	0.000000	0.000000	26.386410	0.000000	0.000000	0.000000	-0.009562	0.015719	0.013093	0.041986	2300.495868	2300.161798	2300.161798	2300.495868	2300.495868	2300.495868	2300.336650	2300.336650	0	0	0	0	
6/14/2021 16:22:18	0	2300.134546	2300.134546	2300.467706	2300.467706	38.721484	35.926780	41.883814	21.436323	33.594831	40.574299	17.050835	7.000858	-1.661756	10.000000	0.000000	0.000000	0.000000	0.000000	0.000000	10.000000	0.000000	0.000000	0.000000	0.000000	0.000000	11.457932	0.375736	0.337978	0.053982	0.137161	0.113153	A	Moving or Left	A	A	1	0	0	0	0	0	0.000000	0.000000	26.354395	0.000000	0.000000	0.000000	-0.033530	0.019659	0.062671	0.105025	2300.467706	2300.134546	2300.134546	2300.467706	2300.467706	2300.467706	2300.309060	2300.309060	0	0	0	0	
6/14/2021 16:22:33	0	2300.141467	2300.141467	2300.473823	2300.473823	38.695914	35.916025	41.885487	21.435430	33.594497	40.578577	17.338066	7.865205	-3.937085	10.000000	0.000000	0.000000	0.000000	0.000000	0.000000	10.000000	0.000000	0.000000	0.000000	0.000000	0.000000	11.385699	0.375736	0.341262	0.058119	0.149638	0.110198	A	Moving or Left	A	A	1	0	0	0	0	0	0.000000	0.000000	26.334549	0.000000	0.000000	0.000000	-0.156654	-0.064722	-0.024994	0.024913	2300.473823	2300.141467	2300.141467	2300.473823	2300.473823	2300.473823	2300.315488	2300.315488	0	0	0	0	
6/14/2021 16:22:48	0	2300.131306	2300.131306	2300.462908	2300.462908	38.688785	35.911964	41.885766	21.431739	33.595017	40.578081	17.364635	8.475237	-2.505565	10.000000	0.000000	0.000000	0.000000	0.000000	0.000000	10.000000	0.000000	0.000000	0.000000	0.000000	0.000000	11.398832	0.374095	0.328128	0.056510	0.135848	0.118078	A	Moving or Left	A	A	1	0	0	0	0	0	0.000000	0.000000	26.302675	0.000000	0.000000	0.000000	-0.124478	-0.058483	-0.033530	0.003571	2300.462908	2300.131306	2300.131306	2300.462908	2300.462908	2300.462908	2300.305248	2300.305248	0	0	0	0	
6/14/2021 16:23:03	0	2300.139788	2300.139788	2300.469890	2300.469890	38.714355	35.921758	41.885952	21.429907	33.594785	40.581087	16.993681	7.176013	-0.916446	10.000000	0.000000	0.000000	0.000000	0.000000	0.000000	10.000000	0.000000	0.000000	0.000000	0.000000	0.000000	11.418532	0.370811	0.336337	0.054672	0.143728	0.113153	A	Moving or Left	A	A	1	0	0	0	0	0	0.000000	0.000000	26.293837	0.000000	0.000000	0.000000	-0.017114	0.019659	0.054462	0.094190	2300.469890	2300.139788	2300.139788	2300.469890	2300.469890	2300.469890	2300.312929	2300.312929	0	0	0	0	
6/14/2021 16:23:18	0	2300.100101	2300.100101	2300.429032	2300.429032	38.721360	35.908555	41.886014	21.428531	33.594831	40.586728	17.066989	7.203524	-3.940368	10.000000	0.000000	0.000000	0.000000	0.000000	0.000000	10.000000	0.000000	0.000000	0.000000	0.000000	0.000000	11.411966	0.400361	0.349470	0.056510	0.150295	0.105273	A	Moving or Left	A	A	1	0	0	0	0	0	0.000000	0.000000	26.277224	0.000000	0.000000	0.000000	-0.147461	-0.046992	-0.003652	0.046254	2300.429032	2300.100101	2300.100101	2300.429032	2300.429032	2300.429032	2300.273497	2300.273497	0	0	0	0	
6/14/2021 16:23:33	0	2300.093675	2300.093675	2300.421025	2300.421025	38.712310	35.910260	41.888184	21.430688	33.594617	40.589084	17.444055	7.029670	-4.032301	10.000000	0.000000	0.000000	0.000000	0.000000	0.000000	10.000000	0.000000	0.000000	0.000000	0.000000	0.000000	11.438232	0.365886	0.326487	0.055131	0.142415	0.113153	A	Moving or Left	A	A	1	0	0	0	0	0	0.000000	0.000000	26.259912	0.000000	0.000000	0.000000	-0.108389	-0.010547	0.053149	0.108637	2300.421025	2300.093675	2300.093675	2300.421025	2300.421025	2300.421025	2300.266656	2300.266656	0	0	0	0	
6/14/2021 16:23:48	0	2300.095340	2300.095340	2300.421060	2300.421060	38.711380	35.924145	41.889733	21.427880	33.594645	40.589270	17.295666	7.581445	-1.576390	10.000000	0.000000	0.000000	0.000000	0.000000	0.000000	10.000000	0.000000	0.000000	0.000000	0.000000	0.000000	11.352866	0.385586	0.341262	0.056051	0.140445	0.106258	A	Moving or Left	A	A	1	0	0	0	0	0	0.000000	0.000000	26.263182	0.000000	0.000000	0.000000	0.049866	0.114219	0.116845	0.142127	2300.421060	2300.095340	2300.095340	2300.421060	2300.421060	2300.421060	2300.267777	2300.267777	0	0	0	0	
6/14/2021 16:24:03	0	2300.102681	2300.102681	2300.425838	2300.425838	38.689932	35.908338	41.883287	21.429795	33.594850	40.591718	17.313816	7.536491	4.484592	10.000000	0.000000	0.000000	0.000000	0.000000	0.000000	10.000000	0.000000	0.000000	0.000000	0.000000	0.000000	11.425099	0.357678	0.326487	0.056740	0.141758	0.110198	A	Moving or Left	A	A	1	0	0	0	0	0	0.000000	0.000000	26.250380	0.000000	0.000000	0.000000	0.336170	0.279697	0.222239	0.214688	2300.425838	2300.102681	2300.102681	2300.425838	2300.425838	2300.425838	2300.274186	2300.274186	0	0	0	0	
6/14/2021 16:24:18	0	2300.090093	2300.090093	2300.411101	2300.411101	38.689095	35.927895	41.880683	21.430288	33.594710	40.592462	17.239888	6.875727	-3.910819	10.000000	0.000000	0.000000	0.000000	0.000000	0.000000	10.000000	0.000000	0.000000	0.000000	0.000000	0.000000	11.339733	0.390511	0.321562	0.058349	0.138475	0.112168	A	Moving or Left	A	A	1	0	0	0	0	0	0.000000	0.000000	26.226271	0.000000	0.000000	0.000000	-0.101823	0.007511	0.070879	0.122755	2300.411101	2300.090093	2300.090093	2300.411101	2300.411101	2300.411101	2300.260563	2300.260563	0	0	0	0	
6/14/2021 16:24:33	0	2300.084658	2300.084658	2300.403775	2300.403775	38.710543	35.944074	41.882760	21.430223	33.594999	40.594756	17.891924	9.142932	-0.814664	10.000000	0.000000	0.000000	0.000000	0.000000	0.000000	10.000000	0.000000	0.000000	0.000000	0.000000	0.000000	11.411966	0.362603	0.323203	0.056970	0.135848	0.119063	A	Moving or Left	A	A	1	0	0	0	0	0	0.000000	0.000000	26.227720	0.000000	0.000000	0.000000	0.058402	0.112577	0.090250	0.106010	2300.403775	2300.084658	2300.084658	2300.403775	2300.403775	2300.403775	2300.254842	2300.254842	0	0	0	0	
6/14/2021 16:24:48	0	2300.073691	2300.073691	2300.390426	2300.390426	38.698145	35.919000	41.877553	21.429042	33.595101	40.597452	17.478682	9.132654	5.945664	10.000000	0.000000	0.000000	0.000000	0.000000	0.000000	10.000000	0.000000	0.000000	0.000000	0.000000	0.000000	11.418532	0.395436	0.316637	0.058349	0.140445	0.120048	A	Moving or Left	A	A	1	0	0	0	0	0	0.000000	0.000000	26.210110	0.000000	0.000000	0.000000	0.452728	0.367690	0.273131	0.248177	2300.390426	2300.073691	2300.073691	2300.390426	2300.390426	2300.390426	2300.243046	2300.243046	0	0	0	0	
6/14/2021 16:25:03	0	2300.070869	2300.070869	2300.385998	2300.385998	38.708064	35.923897	41.883039	21.429321	33.594580	40.595934	17.656751	8.096027	-2.032769	10.000000	0.000000	0.000000	0.000000	0.000000	0.000000	10.000000	0.000000	0.000000	0.000000	0.000000	0.000000	11.405399	0.370811	0.359320	0.053982	0.145041	0.109213	A	Moving or Left	A	A	1	0	0	0	0	0	0.000000	0.000000	26.191162	0.000000	0.000000	0.000000	-0.107076	-0.024337	-0.003980	0.040673	2300.385998	2300.070869	2300.070869	2300.385998	2300.385998	2300.385998	2300.239914	2300.239914	0	0	0	0	
6/14/2021 16:25:18	0	2300.085016	2300.085016	2300.397068	2300.397068	38.700997	35.944322	41.883907	21.431339	33.594859	40.598506	17.339467	7.983852	4.182528	10.000000	0.000000	0.000000	0.000000	0.000000	0.000000	10.000000	0.000000	0.000000	0.000000	0.000000	0.000000	11.405399	0.383945	0.342903	0.059958	0.139131	0.112168	A	Moving or Left	A	A	1	0	0	0	0	0	0.000000	0.000000	26.169163	0.000000	0.000000	0.000000	0.285607	0.224538	0.181526	0.180213	2300.397068	2300.085016	2300.085016	2300.397068	2300.397068	2300.397068	2300.252638	2300.252638	0	0	0	0	
6/14/2021 16:25:33	0	2300.092686	2300.092686	2300.403004	2300.403004	38.726753	35.931770	41.883597	21.431934	33.594757	40.599405	17.398580	8.643426	-0.023387	10.000000	0.000000	0.000000	0.000000	0.000000	0.000000	10.000000	0.000000	0.000000	0.000000	0.000000	0.000000	11.405399	0.370811	0.333053	0.056970	0.146355	0.113153	A	Moving or Left	A	A	1	0	0	0	0	0	0.000000	0.000000	26.156103	0.000000	0.000000	0.000000	0.110607	0.129978	0.120457	0.131948	2300.403004	2300.092686	2300.092686	2300.403004	2300.403004	2300.403004	2300.260283	2300.260283	0	0	0	0	
6/14/2021 16:25:48	0	2300.058287	2300.058287	2300.366841	2300.366841	38.694581	35.934807	41.882202	21.436025	33.594766	40.598785	17.340880	8.603455	2.494908	10.000000	0.000000	0.000000	0.000000	0.000000	0.000000	10.000000	0.000000	0.000000	0.000000	0.000000	0.000000	11.411966	0.367528	0.334695	0.056970	0.143071	0.116108	A	Moving or Left	A	A	1	0	0	0	0	0	0.000000	0.000000	26.133574	0.000000	0.000000	0.000000	0.292502	0.259669	0.216329	0.204838	2300.366841	2300.058287	2300.058287	2300.366841	2300.366841	2300.366841	2300.225364	2300.225364	0	0	0	0	
6/14/2021 16:26:03	0	2300.083201	2300.083201	2300.389533	2300.389533	38.710388	35.945593	41.879319	21.435969	33.594748	40.603682	17.719198	8.682999	0.380459	10.000000	0.000000	0.000000	0.000000	0.000000	0.000000	10.000000	0.000000	0.000000	0.000000	0.000000	0.000000	11.385699	0.370811	0.329770	0.055131	0.135191	0.120048	A	Moving or Left	A	A	1	0	0	0	0	0	0.000000	0.000000	26.128708	0.000000	0.000000	0.000000	0.150663	0.181198	0.147380	0.159200	2300.389533	2300.083201	2300.083201	2300.389533	2300.389533	2300.389533	2300.249297	2300.249297	0	0	0	0	
6/14/2021 16:26:18	0	2300.088727	2300.088727	2300.393688	2300.393688	38.701741	35.935396	41.877863	21.438824	33.594785	40.599684	17.948297	9.389783	4.530558	10.000000	0.000000	0.000000	0.000000	0.000000	0.000000	10.000000	0.000000	0.000000	0.000000	0.000000	0.000000	11.398832	0.385586	0.349470	0.057200	0.134535	0.111183	A	Moving or Left	A	A	1	0	0	0	0	0	0.000000	0.000000	26.107937	0.000000	0.000000	0.000000	0.416611	0.354885	0.292830	0.279697	2300.393688	2300.088727	2300.088727	2300.393688	2300.393688	2300.393688	2300.254668	2300.254668	0	0	0	0	
6/14/2021 16:26:33	0	2300.079718	2300.079718	2300.383151	2300.383151	38.685159	35.939270	41.878018	21.439903	33.594748	40.603217	18.016013	9.810874	2.905321	10.000000	0.000000	0.000000	0.000000	0.000000	0.000000	10.000000	0.000000	0.000000	0.000000	0.000000	0.000000	11.392266	0.379020	0.354395	0.059958	0.136505	0.116108	A	Moving or Left	A	A	1	0	0	0	0	0	0.000000	0.000000	26.099058	0.000000	0.000000	0.000000	0.253102	0.227493	0.158215	0.146723	2300.383151	2300.079718	2300.079718	2300.383151	2300.383151	2300.383151	2300.245528	2300.245528	0	0	0	0	
6/14/2021 16:26:48	0	2300.094240	2300.094240	2300.395475	2300.395475	38.687235	35.924517	41.880590	21.439828	33.594841	40.599622	17.533616	7.885538	-0.046370	10.000000	0.000000	0.000000	0.000000	0.000000	0.000000	10.000000	0.000000	0.000000	0.000000	0.000000	0.000000	11.490765	0.374095	0.329770	0.057200	0.135848	0.112168	A	Moving or Left	A	A	1	0	0	0	0	0	0.000000	0.000000	26.084038	0.000000	0.000000	0.000000	0.038046	0.049209	0.069566	0.098459	2300.395475	2300.094240	2300.094240	2300.395475	2300.395475	2300.395475	2300.258629	2300.258629	0	0	0	0	
6/14/2021 16:27:03	0	2300.089289	2300.089289	2300.388661	2300.388661	38.705894	35.924951	41.880156	21.440172	33.594794	40.598785	17.354617	7.500723	4.501009	10.000000	0.000000	0.000000	0.000000	0.000000	0.000000	10.000000	0.000000	0.000000	0.000000	0.000000	0.000000	11.365999	0.388870	0.347828	0.057889	0.133878	0.118078	A	Moving or Left	A	A	1	0	0	0	0	0	0.000000	0.000000	26.066654	0.000000	0.000000	0.000000	0.352915	0.299397	0.253102	0.249819	2300.388661	2300.089289	2300.089289	2300.388661	2300.388661	2300.388661	2300.253781	2300.253781	0	0	0	0	
6/14/2021 16:27:18	0	2300.108053	2300.108053	2300.406418	2300.406418	38.706545	35.940200	41.881489	21.447351	33.594748	40.596274	17.067596	6.680351	-3.789337	10.000000	0.000000	0.000000	0.000000	0.000000	0.000000	10.000000	0.000000	0.000000	0.000000	0.000000	0.000000	11.451365	0.380661	0.331412	0.057659	0.141758	0.116108	A	Moving or Left	A	A	1	0	0	0	0	0	0.000000	0.000000	26.054905	0.000000	0.000000	0.000000	-0.108718	-0.017442	0.043956	0.096160	2300.406418	2300.108053	2300.108053	2300.406418	2300.406418	2300.406418	2300.272339	2300.272339	0	0	0	0	
6/14/2021 16:27:33	0	2300.095318	2300.095318	2300.391766	2300.391766	38.685004	35.937597	41.875724	21.447211	33.594710	40.593330	17.228011	7.759390	-3.493839	10.000000	0.000000	0.000000	0.000000	0.000000	0.000000	10.000000	0.000000	0.000000	0.000000	0.000000	0.000000	11.405399	0.370811	0.342903	0.058349	0.137161	0.115123	A	Moving or Left	A	A	1	0	0	0	0	0	0.000000	0.000000	26.040846	0.000000	0.000000	0.000000	-0.136626	-0.060125	-0.019412	0.024913	2300.391766	2300.095318	2300.095318	2300.391766	2300.391766	2300.391766	2300.258620	2300.258620	0	0	0	0	
6/14/2021 16:27:48	0	2300.084484	2300.084484	2300.379612	2300.379612	38.686429	35.937690	41.877274	21.448978	33.594757	40.597793	17.423536	9.097221	5.988347	10.000000	0.000000	0.000000	0.000000	0.000000	0.000000	10.000000	0.000000	0.000000	0.000000	0.000000	0.000000	11.359433	0.383945	0.333053	0.058119	0.143071	0.102318	A	Moving or Left	A	A	1	0	0	0	0	0	0.000000	0.000000	26.023203	0.000000	0.000000	0.000000	0.429088	0.330917	0.242268	0.219941	2300.379612	2300.084484	2300.084484	2300.379612	2300.379612	2300.379612	2300.247527	2300.247527	0	0	0	0	
6/14/2021 16:28:03	0	2300.092416	2300.092416	2300.386407	2300.386407	38.702299	35.933412	41.876468	21.448606	33.594980	40.598103	17.393187	8.453293	5.095287	10.000000	0.000000	0.000000	0.000000	0.000000	0.000000	10.000000	0.000000	0.000000	0.000000	0.000000	0.000000	11.457932	0.359320	0.342903	0.058349	0.146355	0.112168	A	Moving or Left	A	A	1	0	0	0	0	0	0.000000	0.000000	26.004400	0.000000	0.000000	0.000000	0.355542	0.275101	0.200898	0.184153	2300.386407	2300.092416	2300.092416	2300.386407	2300.386407	2300.386407	2300.254503	2300.254503	0	0	0	0	
6/14/2021 16:28:18	0	2300.114175	2300.114175	2300.406356	2300.406356	38.697216	35.923959	41.874980	21.453515	33.594859	40.596243	17.643597	8.858725	5.272586	10.000000	0.000000	0.000000	0.000000	0.000000	0.000000	10.000000	0.000000	0.000000	0.000000	0.000000	0.000000	11.359433	0.382303	0.334695	0.057200	0.141101	0.115123	A	Moving or Left	A	A	1	0	0	0	0	0	0.000000	0.000000	25.989473	0.000000	0.000000	0.000000	0.393628	0.307605	0.222896	0.202211	2300.406356	2300.114175	2300.114175	2300.406356	2300.406356	2300.406356	2300.276004	2300.276004	0	0	0	0	
6/14/2021 16:28:33	0	2300.104091	2300.104091	2300.394978	2300.394978	38.695046	35.937039	41.877398	21.455087	33.594776	40.598599	17.269358	6.384900	-3.812320	10.000000	0.000000	0.000000	0.000000	0.000000	0.000000	10.000000	0.000000	0.000000	0.000000	0.000000	0.000000	11.451365	0.362603	0.339620	0.057659	0.142415	0.110198	A	Moving or Left	A	A	1	0	0	0	0	0	0.000000	0.000000	25.980976	0.000000	0.000000	0.000000	-0.101823	0.008168	0.071207	0.127023	2300.394978	2300.104091	2300.104091	2300.394978	2300.394978	2300.394978	2300.265221	2300.265221	0	0	0	0	
6/14/2021 16:28:48	0	2300.115053	2300.115053	2300.404000	2300.404000	38.684508	35.928174	41.878204	21.457281	33.594859	40.601017	17.753639	8.442086	-2.968511	10.000000	0.000000	0.000000	0.000000	0.000000	0.000000	10.000000	0.000000	0.000000	0.000000	0.000000	0.000000	11.392266	0.380661	0.351112	0.057200	0.143071	0.107243	A	Moving or Left	A	A	1	0	0	0	0	0	0.000000	0.000000	25.962561	0.000000	0.000000	0.000000	-0.066363	0.025241	0.044613	0.081714	2300.404000	2300.115053	2300.115053	2300.404000	2300.404000	2300.404000	2300.275511	2300.275511	0	0	0	0	
6/14/2021 16:29:03	0	2300.120368	2300.120368	2300.407764	2300.407764	38.708157	35.938774	41.879319	21.458806	33.594627	40.597793	17.546783	7.293867	-4.373764	10.000000	0.000000	0.000000	0.000000	0.000000	0.000000	10.000000	0.000000	0.000000	0.000000	0.000000	0.000000	11.405399	0.372453	0.354395	0.057430	0.137161	0.119063	A	Moving or Left	A	A	1	0	0	0	0	0	0.000000	0.000000	25.942242	0.000000	0.000000	0.000000	-0.173071	-0.051588	0.014078	0.072521	2300.407764	2300.120368	2300.120368	2300.407764	2300.407764	2300.407764	2300.280128	2300.280128	0	0	0	0	
6/14/2021 16:29:18	0	2300.098815	2300.098815	2300.385691	2300.385691	38.734037	35.942091	41.876995	21.461689	33.594924	40.600304	17.560296	8.645434	-1.911287	10.000000	0.000000	0.000000	0.000000	0.000000	0.000000	10.000000	0.000000	0.000000	0.000000	0.000000	0.000000	11.398832	0.369170	0.344545	0.058809	0.139131	0.123003	A	Moving or Left	A	A	1	0	0	0	0	0	0.000000	0.000000	25.927406	0.000000	0.000000	0.000000	-0.110031	-0.051917	-0.029918	0.002586	2300.385691	2300.098815	2300.098815	2300.385691	2300.385691	2300.385691	2300.258263	2300.258263	0	0	0	0	
6/14/2021 16:29:33	0	2300.120364	2300.120364	2300.405510	2300.405510	38.695635	35.913328	41.875259	21.462646	33.594710	40.597080	17.507730	9.061689	5.637033	10.000000	0.000000	0.000000	0.000000	0.000000	0.000000	10.000000	0.000000	0.000000	0.000000	0.000000	0.000000	11.385699	0.374095	0.331412	0.056510	0.143071	0.114138	A	Moving or Left	A	A	1	0	0	0	0	0	0.000000	0.000000	25.918707	0.000000	0.000000	0.000000	0.376883	0.286264	0.193675	0.171348	2300.405510	2300.120364	2300.120364	2300.405510	2300.405510	2300.405510	2300.279116	2300.279116	0	0	0	0	
6/14/2021 16:29:48	0	2300.148671	2300.148671	2300.433612	2300.433612	38.711597	35.953559	41.877646	21.464980	33.594757	40.594229	17.477206	8.065020	2.659073	10.000000	0.000000	0.000000	0.000000	0.000000	0.000000	10.000000	0.000000	0.000000	0.000000	0.000000	0.000000	11.431665	0.351112	0.334695	0.056510	0.141101	0.117093	A	Moving or Left	A	A	1	0	0	0	0	0	0.000000	0.000000	25.898386	0.000000	0.000000	0.000000	0.228149	0.187108	0.143768	0.143768	2300.433612	2300.148671	2300.148671	2300.433612	2300.433612	2300.433612	2300.307346	2300.307346	0	0	0	0	
6/14/2021 16:30:03	0	2300.139173	2300.139173	2300.422147	2300.422147	38.735711	35.941099	41.872129	21.467593	33.594822	40.595469	17.399671	7.224737	-3.526672	10.000000	0.000000	0.000000	0.000000	0.000000	0.000000	10.000000	0.000000	0.000000	0.000000	0.000000	0.000000	11.418532	0.360961	0.346187	0.056740	0.148981	0.103303	A	Moving or Left	A	A	1	0	0	0	0	0	0.000000	0.000000	25.887333	0.000000	0.000000	0.000000	-0.173399	-0.061110	-0.009234	0.047239	2300.422147	2300.139173	2300.139173	2300.422147	2300.422147	2300.422147	2300.296813	2300.296813	0	0	0	0	
6/14/2021 16:30:18	0	2300.125588	2300.125588	2300.406775	2300.406775	38.701958	35.934776	41.879970	21.471368	33.594562	40.595779	17.319569	7.905833	-3.772920	10.000000	0.000000	0.000000	0.000000	0.000000	0.000000	10.000000	0.000000	0.000000	0.000000	0.000000	0.000000	11.451365	0.377378	0.337978	0.057889	0.137161	0.112168	A	Moving or Left	A	A	1	0	0	0	0	0	0.000000	0.000000	25.884750	0.000000	0.000000	0.000000	-0.165191	-0.080481	-0.047320	-0.002010	2300.406775	2300.125588	2300.125588	2300.406775	2300.406775	2300.406775	2300.282011	2300.282011	0	0	0	0	
6/14/2021 16:30:33	0	2300.150845	2300.150845	2300.431130	2300.431130	38.705274	35.944694	41.875755	21.470708	33.594980	40.593950	17.379995	8.410571	-1.806221	10.000000	0.000000	0.000000	0.000000	0.000000	0.000000	10.000000	0.000000	0.000000	0.000000	0.000000	0.000000	11.372566	0.354395	0.306787	0.057659	0.135191	0.111183	A	Moving or Left	A	A	1	0	0	0	0	0	0.000000	0.000000	25.881283	0.000000	0.000000	0.000000	-0.017770	0.033778	0.059059	0.092220	2300.431130	2300.150845	2300.150845	2300.431130	2300.431130	2300.431130	2300.306908	2300.306908	0	0	0	0	
6/14/2021 16:30:48	0	2300.156574	2300.156574	2300.436498	2300.436498	38.725885	35.926873	41.875786	21.476743	33.595054	40.591191	17.245876	6.559720	-4.068417	10.000000	0.000000	0.000000	0.000000	0.000000	0.000000	10.000000	0.000000	0.000000	0.000000	0.000000	0.000000	11.464498	0.359320	0.334695	0.059268	0.145041	0.111183	A	Moving or Left	A	A	1	0	0	0	0	0	0.000000	0.000000	25.869370	0.000000	0.000000	0.000000	-0.106748	0.002258	0.067596	0.125054	2300.436498	2300.156574	2300.156574	2300.436498	2300.436498	2300.436498	2300.311603	2300.311603	0	0	0	0	
6/14/2021 16:31:03	0	2300.153553	2300.153553	2300.432027	2300.432027	38.715130	35.943207	41.879009	21.475376	33.594673	40.590231	17.642084	8.540822	1.529616	10.000000	0.000000	0.000000	0.000000	0.000000	0.000000	10.000000	0.000000	0.000000	0.000000	0.000000	0.000000	11.418532	0.383945	0.357678	0.057659	0.145698	0.118078	A	Moving or Left	A	A	1	0	0	0	0	0	0.000000	0.000000	25.861292	0.000000	0.000000	0.000000	0.219284	0.228478	0.180213	0.183825	2300.432027	2300.153553	2300.153553	2300.432027	2300.432027	2300.432027	2300.307986	2300.307986	0	0	0	0	
6/14/2021 16:31:18	0	2300.168429	2300.168429	2300.446439	2300.446439	38.747550	35.932947	41.876747	21.479476	33.594906	40.593640	17.740671	9.576928	2.606540	10.000000	0.000000	0.000000	0.000000	0.000000	0.000000	10.000000	0.000000	0.000000	0.000000	0.000000	0.000000	11.431665	0.357678	0.354395	0.056740	0.139131	0.114138	A	Moving or Left	A	A	1	0	0	0	0	0	0.000000	0.000000	25.854914	0.000000	0.000000	0.000000	0.222896	0.206808	0.138515	0.127352	2300.446439	2300.168429	2300.168429	2300.446439	2300.446439	2300.446439	2300.321880	2300.321880	0	0	0	0	
6/14/2021 16:31:33	0	2300.170972	2300.170972	2300.449087	2300.449087	38.715192	35.936109	41.878761	21.481457	33.594831	40.597855	17.091338	6.992725	0.758039	10.000000	0.000000	0.000000	0.000000	0.000000	0.000000	10.000000	0.000000	0.000000	0.000000	0.000000	0.000000	11.320033	0.392153	0.341262	0.058579	0.139131	0.112168	A	Moving or Left	A	A	1	0	0	0	0	0	0.000000	0.000000	25.844326	0.000000	0.000000	0.000000	0.068252	0.075476	0.096160	0.128008	2300.449087	2300.170972	2300.170972	2300.449087	2300.449087	2300.449087	2300.324734	2300.324734	0	0	0	0	
6/14/2021 16:31:48	0	2300.157440	2300.157440	2300.434156	2300.434156	38.731464	35.955201	41.873151	21.483670	33.594943	40.602659	17.339132	7.374836	-2.190368	10.000000	0.000000	0.000000	0.000000	0.000000	0.000000	10.000000	0.000000	0.000000	0.000000	0.000000	0.000000	11.438232	0.364245	0.344545	0.057200	0.135848	0.112168	A	Moving or Left	A	A	1	0	0	0	0	0	0.000000	0.000000	25.836264	0.000000	0.000000	0.000000	-0.064722	-0.023680	0.013093	0.049866	2300.434156	2300.157440	2300.157440	2300.434156	2300.434156	2300.434156	2300.310554	2300.310554	0	0	0	0	
6/14/2021 16:32:03	0	2300.177663	2300.177663	2300.454097	2300.454097	38.747643	35.945779	41.874856	21.486924	33.594813	40.599498	17.468627	8.461823	-1.550124	10.000000	0.000000	0.000000	0.000000	0.000000	0.000000	10.000000	0.000000	0.000000	0.000000	0.000000	0.000000	11.346299	0.375736	0.337978	0.056510	0.141758	0.108228	A	Moving or Left	A	A	1	0	0	0	0	0	0.000000	0.000000	25.826500	0.000000	0.000000	0.000000	0.010794	0.062342	0.046583	0.062999	2300.454097	2300.177663	2300.177663	2300.454097	2300.454097	2300.454097	2300.331193	2300.331193	0	0	0	0	
6/14/2021 16:32:18	0	2300.164997	2300.164997	2300.442103	2300.442103	38.761591	35.931429	41.875755	21.489537	33.595166	40.595128	17.533492	8.798311	3.660482	10.000000	0.000000	0.000000	0.000000	0.000000	0.000000	10.000000	0.000000	0.000000	0.000000	0.000000	0.000000	11.438232	0.375736	0.336337	0.056510	0.143071	0.112168	A	Moving or Left	A	A	1	0	0	0	0	0	0.000000	0.000000	25.821188	0.000000	0.000000	0.000000	0.284294	0.246536	0.173646	0.161498	2300.442103	2300.164997	2300.164997	2300.442103	2300.442103	2300.442103	2300.318242	2300.318242	0	0	0	0	
6/14/2021 16:32:33	0	2300.164282	2300.164282	2300.440328	2300.440328	38.763265	35.959262	41.878049	21.492661	33.594664	40.600180	17.275309	7.593050	-2.738680	10.000000	0.000000	0.000000	0.000000	0.000000	0.000000	10.000000	0.000000	0.000000	0.000000	0.000000	0.000000	11.418532	0.374095	0.356036	0.058809	0.136505	0.110198	A	Moving or Left	A	A	1	0	0	0	0	0	0.000000	0.000000	25.819466	0.000000	0.000000	0.000000	-0.092958	-0.015800	0.025241	0.066282	2300.440328	2300.164282	2300.164282	2300.440328	2300.440328	2300.440328	2300.317476	2300.317476	0	0	0	0	
6/14/2021 16:32:48	0	2300.181491	2300.181491	2300.457280	2300.457280	38.743149	35.933846	41.877057	21.494921	33.594915	40.598847	17.477157	6.901118	-4.078267	10.000000	0.000000	0.000000	0.000000	0.000000	0.000000	10.000000	0.000000	0.000000	0.000000	0.000000	0.000000	11.372566	0.364245	0.326487	0.058349	0.140445	0.118078	A	Moving or Left	A	A	1	0	0	0	0	0	0.000000	0.000000	25.819864	0.000000	0.000000	0.000000	-0.127104	-0.010875	0.051836	0.106667	2300.457280	2300.181491	2300.181491	2300.457280	2300.457280	2300.457280	2300.334478	2300.334478	0	0	0	0	
6/14/2021 16:33:03	0	2300.184792	2300.184792	2300.459702	2300.459702	38.742095	35.939797	41.878545	21.499607	33.594441	40.601203	17.185363	6.447818	-3.799186	10.000000	0.000000	0.000000	0.000000	0.000000	0.000000	10.000000	0.000000	0.000000	0.000000	0.000000	0.000000	11.425099	0.360961	0.342903	0.060188	0.139131	0.111183	A	Moving or Left	A	A	1	0	0	0	0	0	0.000000	0.000000	25.819796	0.000000	0.000000	0.000000	-0.089675	0.011779	0.076461	0.131948	2300.459702	2300.184792	2300.184792	2300.459702	2300.459702	2300.459702	2300.337159	2300.337159	0	0	0	0	
6/14/2021 16:33:18	0	2300.175037	2300.175037	2300.449817	2300.449817	38.740887	35.935644	41.872408	21.500649	33.594952	40.599033	17.325532	8.811142	5.183937	10.000000	0.000000	0.000000	0.000000	0.000000	0.000000	10.000000	0.000000	0.000000	0.000000	0.000000	0.000000	11.464498	0.367528	0.349470	0.057430	0.135191	0.115123	A	Moving or Left	A	A	1	0	0	0	0	0	0.000000	0.000000	25.813334	0.000000	0.000000	0.000000	0.378196	0.304322	0.216986	0.194988	2300.449817	2300.175037	2300.175037	2300.449817	2300.449817	2300.449817	2300.328154	2300.328154	0	0	0	0	
6/14/2021 16:33:33	0	2300.191028	2300.191028	2300.465137	2300.465137	38.726195	35.954458	41.873833	21.502359	33.594645	40.603155	17.555027	7.976909	-0.446934	10.000000	0.000000	0.000000	0.000000	0.000000	0.000000	10.000000	0.000000	0.000000	0.000000	0.000000	0.000000	11.385699	0.377378	0.346187	0.059268	0.141101	0.114138	A	Moving or Left	A	A	1	0	0	0	0	0	0.000000	0.000000	25.802092	0.000000	0.000000	0.000000	-0.020397	0.020644	0.027539	0.064969	2300.465137	2300.191028	2300.191028	2300.465137	2300.465137	2300.465137	2300.343758	2300.343758	0	0	0	0	
6/14/2021 16:33:48	0	2300.191757	2300.191757	2300.465866	2300.465866	38.740050	35.919558	41.868998	21.504898	33.594906	40.598506	17.583418	8.809952	3.158136	10.000000	0.000000	0.000000	0.000000	0.000000	0.000000	10.000000	0.000000	0.000000	0.000000	0.000000	0.000000	11.372566	0.380661	0.321562	0.057889	0.142415	0.116108	A	Moving or Left	A	A	1	0	0	0	0	0	0.000000	0.000000	25.797342	0.000000	0.000000	0.000000	0.264266	0.234059	0.163140	0.150992	2300.465866	2300.191757	2300.191757	2300.465866	2300.465866	2300.465866	2300.344435	2300.344435	0	0	0	0	
6/14/2021 16:34:03	0	2300.188047	2300.188047	2300.461924	2300.461924	38.740050	35.949622	41.869339	21.508431	33.595147	40.604860	17.436802	8.555587	-2.932394	10.000000	0.000000	0.000000	0.000000	0.000000	0.000000	10.000000	0.000000	0.000000	0.000000	0.000000	0.000000	11.326600	0.374095	0.337978	0.058579	0.140445	0.111183	A	Moving or Left	A	A	1	0	0	0	0	0	0.000000	0.000000	25.792498	0.000000	0.000000	0.000000	-0.175697	-0.098211	-0.073586	-0.033858	2300.461924	2300.188047	2300.188047	2300.461924	2300.461924	2300.461924	2300.340338	2300.340338	0	0	0	0	
6/14/2021 16:34:18	0	2300.209437	2300.209437	2300.482513	2300.482513	38.742374	35.928298	41.868812	21.508031	33.594590	40.605852	17.491613	8.199313	-2.505565	10.000000	0.000000	0.000000	0.000000	0.000000	0.000000	10.000000	0.000000	0.000000	0.000000	0.000000	0.000000	11.405399	0.375736	0.352753	0.056970	0.135191	0.112168	A	Moving or Left	A	A	1	0	0	0	0	0	0.000000	0.000000	25.782986	0.000000	0.000000	0.000000	-0.080481	-0.007920	0.020644	0.054462	2300.482513	2300.209437	2300.209437	2300.482513	2300.482513	2300.482513	2300.361625	2300.361625	0	0	0	0	
6/14/2021 16:34:33	0	2300.196424	2300.196424	2300.469163	2300.469163	38.741104	35.953249	41.866488	21.512151	33.594627	40.602907	17.498010	7.895195	-4.127517	10.000000	0.000000	0.000000	0.000000	0.000000	0.000000	10.000000	0.000000	0.000000	0.000000	0.000000	0.000000	11.392266	0.377378	0.347828	0.057889	0.148325	0.107243	A	Moving or Left	A	A	1	0	0	0	0	0	0.000000	0.000000	25.780277	0.000000	0.000000	0.000000	-0.162236	-0.065378	-0.029590	0.021301	2300.469163	2300.196424	2300.196424	2300.469163	2300.469163	2300.469163	2300.348456	2300.348456	0	0	0	0	
6/14/2021 16:34:48	0	2300.218738	2300.218738	2300.491634	2300.491634	38.768720	35.936791	41.869866	21.514187	33.594989	40.601946	17.475706	8.311872	-2.925828	10.000000	0.000000	0.000000	0.000000	0.000000	0.000000	10.000000	0.000000	0.000000	0.000000	0.000000	0.000000	11.457932	0.377378	0.318278	0.056051	0.137161	0.114138	A	Moving or Left	A	A	1	0	0	0	0	0	0.000000	0.000000	25.772812	0.000000	0.000000	0.000000	-0.148774	-0.070960	-0.030247	0.013093	2300.491634	2300.218738	2300.218738	2300.491634	2300.491634	2300.491634	2300.370797	2300.370797	0	0	0	0	
6/14/2021 16:35:03	0	2300.205588	2300.205588	2300.477552	2300.477552	38.736454	35.930809	41.871385	21.516465	33.594850	40.605046	17.420846	7.716841	-1.527141	10.000000	0.000000	0.000000	0.000000	0.000000	0.000000	10.000000	0.000000	0.000000	0.000000	0.000000	0.000000	11.352866	0.387228	0.347828	0.056280	0.142415	0.119063	A	Moving or Left	A	A	1	0	0	0	0	0	0.000000	0.000000	25.765385	0.000000	0.000000	0.000000	-0.032545	0.011779	0.050194	0.090907	2300.477552	2300.205588	2300.205588	2300.477552	2300.477552	2300.477552	2300.357388	2300.357388	0	0	0	0	
6/14/2021 16:35:18	0	2300.200003	2300.200003	2300.471579	2300.471579	38.759700	35.952257	41.868967	21.521058	33.594766	40.606968	17.440819	8.369584	2.140311	10.000000	0.000000	0.000000	0.000000	0.000000	0.000000	10.000000	0.000000	0.000000	0.000000	0.000000	0.000000	11.405399	0.367528	0.339620	0.058119	0.141101	0.108228	A	Moving or Left	A	A	1	0	0	0	0	0	0.000000	0.000000	25.754604	0.000000	0.000000	0.000000	0.233731	0.236358	0.181526	0.181198	2300.471579	2300.200003	2300.200003	2300.471579	2300.471579	2300.471579	2300.351208	2300.351208	0	0	0	0	
6/14/2021 16:35:33	0	2300.232637	2300.232637	2300.503802	2300.503802	38.764287	35.948011	41.869587	21.524015	33.594645	40.603403	17.279474	6.788980	-3.441306	10.000000	0.000000	0.000000	0.000000	0.000000	0.000000	10.000000	0.000000	0.000000	0.000000	0.000000	0.000000	11.372566	0.377378	0.324845	0.058119	0.135848	0.112168	A	Moving or Left	A	A	1	0	0	0	0	0	0.000000	0.000000	25.748955	0.000000	0.000000	0.000000	-0.107076	-0.007920	0.049209	0.102399	2300.503802	2300.232637	2300.232637	2300.503802	2300.503802	2300.503802	2300.383456	2300.383456	0	0	0	0	
6/14/2021 16:35:48	0	2300.215826	2300.215826	2300.486446	2300.486446	38.763668	35.946461	41.869215	21.522797	33.594776	40.604674	17.476673	8.574469	5.597634	10.000000	0.000000	0.000000	0.000000	0.000000	0.000000	10.000000	0.000000	0.000000	0.000000	0.000000	0.000000	11.346299	0.385586	0.318278	0.056280	0.133878	0.110198	A	Moving or Left	A	A	1	0	0	0	0	0	0.000000	0.000000	25.743412	0.000000	0.000000	0.000000	0.379510	0.305307	0.217971	0.197943	2300.486446	2300.215826	2300.215826	2300.486446	2300.486446	2300.486446	2300.366618	2300.366618	0	0	0	0	
6/14/2021 16:36:03	0	2300.207097	2300.207097	2300.477924	2300.477924	38.750154	35.936233	41.862799	21.528376	33.594841	40.602535	17.841093	8.909358	0.065262	10.000000	0.000000	0.000000	0.000000	0.000000	0.000000	10.000000	0.000000	0.000000	0.000000	0.000000	0.000000	11.418532	0.365886	0.336337	0.058349	0.139788	0.114138	A	Moving or Left	A	A	1	0	0	0	0	0	0.000000	0.000000	25.740097	0.000000	0.000000	0.000000	0.036733	0.031151	0.045926	0.068581	2300.477924	2300.207097	2300.207097	2300.477924	2300.477924	2300.477924	2300.357941	2300.357941	0	0	0	0	
6/14/2021 16:36:18	0	2300.238212	2300.238212	2300.508369	2300.508369	38.754431	35.937039	41.864938	21.529920	33.594543	40.604550	17.613520	8.056862	3.870614	10.000000	0.000000	0.000000	0.000000	0.000000	0.000000	10.000000	0.000000	0.000000	0.000000	0.000000	0.000000	11.438232	0.403644	0.337978	0.058809	0.147011	0.116108	A	Moving or Left	A	A	1	0	0	0	0	0	0.000000	0.000000	25.730402	0.000000	0.000000	0.000000	0.287577	0.238328	0.200898	0.202540	2300.508369	2300.238212	2300.238212	2300.508369	2300.508369	2300.508369	2300.388980	2300.388980	0	0	0	0	
6/14/2021 16:36:33	0	2300.241999	2300.241999	2300.511070	2300.511070	38.744668	35.939797	41.869742	21.531900	33.594785	40.608393	17.468825	8.117314	4.231777	10.000000	0.000000	0.000000	0.000000	0.000000	0.000000	10.000000	0.000000	0.000000	0.000000	0.000000	0.000000	11.464498	0.380661	0.333053	0.059728	0.134535	0.109213	A	Moving or Left	A	A	1	0	0	0	0	0	0.000000	0.000000	25.724804	0.000000	0.000000	0.000000	0.315814	0.250147	0.214688	0.212718	2300.511070	2300.241999	2300.241999	2300.511070	2300.511070	2300.511070	2300.391965	2300.391965	0	0	0	0	
6/14/2021 16:36:48	0	2300.239334	2300.239334	2300.508923	2300.508923	38.736299	35.931894	41.861157	21.538046	33.594701	40.602628	17.547576	8.471704	-0.217102	10.000000	0.000000	0.000000	0.000000	0.000000	0.000000	10.000000	0.000000	0.000000	0.000000	0.000000	0.000000	11.425099	0.367528	0.331412	0.057430	0.145698	0.111183	A	Moving or Left	A	A	1	0	0	0	0	0	0.000000	0.000000	25.720858	0.000000	0.000000	0.000000	0.104369	0.130307	0.097145	0.104040	2300.508923	2300.239334	2300.239334	2300.508923	2300.508923	2300.508923	2300.389637	2300.389637	0	0	0	0	
6/14/2021 16:37:03	0	2300.248563	2300.248563	2300.517299	2300.517299	38.756725	35.956875	41.857530	21.537349	33.594841	40.607339	17.463656	9.438891	6.034314	10.000000	0.000000	0.000000	0.000000	0.000000	0.000000	10.000000	0.000000	0.000000	0.000000	0.000000	0.000000	11.398832	0.374095	0.333053	0.057659	0.141758	0.112168	A	Moving or Left	A	A	1	0	0	0	0	0	0.000000	0.000000	25.719728	0.000000	0.000000	0.000000	0.406433	0.309575	0.209434	0.179885	2300.517299	2300.248563	2300.248563	2300.517299	2300.517299	2300.517299	2300.397882	2300.397882	0	0	0	0	
6/14/2021 16:37:18	0	2300.242460	2300.242460	2300.511481	2300.511481	38.899671	35.920147	41.803724	21.541989	33.594413	40.603930	17.170324	7.563258	2.570424	0.000000	0.000000	10.000000	0.000000	0.000000	0.000000	0.000000	0.000000	10.000000	0.000000	0.000000	0.000000	1.384746	0.372453	10.291344	0.057200	0.139788	0.115123	A	Moving or Left	A	A	0	0	1	0	0	0	0.000000	0.000000	25.704409	0.000000	0.000000	0.000000	0.187436	0.154932	0.147052	0.161170	2300.511481	2300.242460	2300.242460	2300.511481	2300.511481	2300.511481	2300.391780	2300.391780	0	0	0	0	
6/14/2021 16:37:33	0	2300.240728	2300.240728	2300.509439	2300.509439	39.347633	35.937535	41.442887	21.541970	33.594664	40.605263	17.483244	7.515873	1.188152	0.000000	0.000000	10.000000	0.000000	0.000000	0.000000	0.000000	0.000000	10.000000	0.000000	0.000000	0.000000	1.358480	0.374095	10.327461	0.057889	0.143071	0.104288	A	Moving or Left	A	A	0	0	1	0	0	0	0.000000	0.000000	25.681049	0.000000	0.000000	0.000000	0.093862	0.101742	0.109294	0.134575	2300.509439	2300.240728	2300.240728	2300.509439	2300.509439	2300.509439	2300.389764	2300.389764	0	0	0	0	
6/14/2021 16:37:48	0	2300.269330	2300.269330	2300.537577	2300.537577	39.657578	35.942680	41.087443	21.545039	33.595008	40.604302	17.666161	8.441007	-3.401907	0.000000	0.000000	10.000000	0.000000	0.000000	0.000000	0.000000	0.000000	10.000000	0.000000	0.000000	0.000000	1.358480	0.387228	10.353728	0.060188	0.141101	0.116108	A	Moving or Left	A	A	0	0	1	0	0	0	0.000000	0.000000	25.700268	0.000000	0.000000	0.000000	-0.185875	-0.077526	-0.049290	0.002258	2300.537577	2300.269330	2300.269330	2300.537577	2300.537577	2300.537577	2300.417823	2300.417823	0	0	0	0	
6/14/2021 16:38:03	0	2300.242196	2300.242196	2300.510468	2300.510468	39.853338	35.954737	40.768046	21.549409	33.594757	40.605604	17.360680	9.135642	4.044629	0.000000	0.000000	10.000000	0.000000	0.000000	0.000000	0.000000	0.000000	10.000000	0.000000	0.000000	0.000000	1.312514	0.377378	10.340594	0.059038	0.146355	0.120048	A	Moving or Left	A	A	0	0	1	0	0	0	0.000000	0.000000	25.690485	0.000000	0.000000	0.000000	0.218299	0.142127	0.075147	0.062014	2300.510468	2300.242196	2300.242196	2300.510468	2300.510468	2300.510468	2300.390792	2300.390792	0	0	0	0	
6/14/2021 16:38:18	0	2300.268181	2300.268181	2300.536429	2300.536429	40.011255	35.931057	40.382041	21.551947	33.594850	40.605790	17.275024	7.856056	-0.259785	0.000000	0.000000	10.000000	0.000000	0.000000	0.000000	0.000000	0.000000	10.000000	0.000000	0.000000	0.000000	1.411013	0.380661	10.337311	0.059268	0.139788	0.118078	A	Moving or Left	A	A	0	0	1	0	0	0	0.000000	0.000000	25.673403	0.000000	0.000000	0.000000	0.117174	0.148693	0.147380	0.164125	2300.536429	2300.268181	2300.268181	2300.536429	2300.536429	2300.536429	2300.416235	2300.416235	0	0	0	0	
6/14/2021 16:38:33	0	2300.265422	2300.265422	2300.532712	2300.532712	40.133993	35.949313	40.044450	21.553900	33.595064	40.607649	17.299001	7.583230	-3.477423	0.000000	0.000000	10.000000	0.000000	0.000000	0.000000	0.000000	0.000000	10.000000	0.000000	0.000000	0.000000	1.378180	0.383945	10.345519	0.060188	0.141101	0.115123	A	Moving or Left	A	A	0	0	1	0	0	0	0.000000	0.000000	25.671347	0.000000	0.000000	0.000000	-0.175041	-0.074900	-0.037798	0.014406	2300.532712	2300.265422	2300.265422	2300.532712	2300.532712	2300.532712	2300.413036	2300.413036	0	0	0	0	
6/14/2021 16:38:48	0	2300.255710	2300.255710	2300.523776	2300.523776	40.251431	35.953094	39.682063	21.556978	33.594599	40.609044	17.373090	7.853179	-3.585772	0.000000	0.000000	10.000000	0.000000	0.000000	0.000000	0.000000	0.000000	10.000000	0.000000	0.000000	0.000000	1.319080	0.400361	10.342236	0.056510	0.137161	0.109213	A	Moving or Left	A	A	0	0	1	0	0	0	0.000000	0.000000	25.671875	0.000000	0.000000	0.000000	-0.146147	-0.068005	-0.022367	0.021301	2300.523776	2300.255710	2300.255710	2300.523776	2300.523776	2300.523776	2300.404514	2300.404514	0	0	0	0	
6/14/2021 16:39:03	0	2300.259661	2300.259661	2300.527107	2300.527107	40.336820	35.947019	39.344348	21.560716	33.594943	40.610160	17.777641	8.656356	0.137495	0.000000	0.000000	10.000000	0.000000	0.000000	0.000000	0.000000	0.000000	10.000000	0.000000	0.000000	0.000000	1.338780	0.380661	10.337311	0.057659	0.140445	0.116108	A	Moving or Left	A	A	0	0	1	0	0	0	0.000000	0.000000	25.675117	0.000000	0.000000	0.000000	-0.003980	0.014078	0.009809	0.038046	2300.527107	2300.259661	2300.259661	2300.527107	2300.527107	2300.527107	2300.407612	2300.407612	0	0	0	0	
6/14/2021 16:39:18	0	2300.265081	2300.265081	2300.531518	2300.531518	40.394315	35.950025	38.985712	21.560567	33.594813	40.606658	17.692394	9.903993	5.640317	0.000000	0.000000	10.000000	0.000000	0.000000	0.000000	0.000000	0.000000	10.000000	0.000000	0.000000	0.000000	1.332213	0.364245	10.347161	0.056510	0.139788	0.116108	A	Moving or Left	A	A	0	0	1	0	0	0	0.000000	0.000000	25.678082	0.000000	0.000000	0.000000	0.355213	0.256386	0.159200	0.129978	2300.531518	2300.265081	2300.265081	2300.531518	2300.531518	2300.531518	2300.411996	2300.411996	0	0	0	0	
6/14/2021 16:39:33	0	2300.273221	2300.273221	2300.540048	2300.540048	40.446169	35.951420	38.647315	21.563329	33.594831	40.610253	17.613259	8.392991	-2.741963	0.000000	0.000000	10.000000	0.000000	0.000000	0.000000	0.000000	0.000000	10.000000	0.000000	0.000000	0.000000	1.319080	0.393794	10.340594	0.057659	0.144385	0.114138	A	Moving or Left	A	A	0	0	1	0	0	0	0.000000	0.000000	25.683287	0.000000	0.000000	0.000000	-0.091316	-0.028933	0.010794	0.049866	2300.540048	2300.273221	2300.273221	2300.540048	2300.540048	2300.540048	2300.420266	2300.420266	0	0	0	0	
6/14/2021 16:39:48	0	2300.273476	2300.273476	2300.539941	2300.539941	40.494396	35.951420	38.321377	21.567764	33.594776	40.608579	17.483306	7.969024	4.826056	0.000000	0.000000	10.000000	0.000000	0.000000	0.000000	0.000000	0.000000	10.000000	0.000000	0.000000	0.000000	1.424146	0.354395	10.355369	0.059498	0.142415	0.111183	A	Moving or Left	A	A	0	0	1	0	0	0	0.000000	0.000000	25.685558	0.000000	0.000000	0.000000	0.371301	0.306292	0.248506	0.238328	2300.539941	2300.273476	2300.273476	2300.539941	2300.539941	2300.539941	2300.420496	2300.420496	0	0	0	0	
6/14/2021 16:40:03	0	2300.273628	2300.273628	2300.539653	2300.539653	40.564567	35.949096	38.235213	21.565923	33.595054	40.612392	17.664710	8.428498	-1.609223	0.000000	0.000000	10.000000	0.000000	0.000000	0.000000	0.000000	0.000000	10.000000	0.000000	0.000000	0.000000	1.299380	0.398719	10.337311	0.059498	0.145698	0.112168	A	Moving or Left	A	A	0	0	1	0	0	0	0.000000	0.000000	25.687397	0.000000	0.000000	0.000000	0.032464	0.086967	0.084341	0.106995	2300.539653	2300.273628	2300.273628	2300.539653	2300.539653	2300.539653	2300.420389	2300.420389	0	0	0	0	
6/14/2021 16:40:18	0	2300.286483	2300.286483	2300.552096	2300.552096	40.580994	35.948166	38.494419	21.569707	33.594729	40.609571	17.500985	7.291474	-4.140650	0.000000	0.000000	10.000000	0.000000	0.000000	0.000000	0.000000	0.000000	10.000000	0.000000	0.000000	0.000000	1.365046	0.370811	10.335669	0.057200	0.151608	0.119063	A	Moving or Left	A	A	0	0	1	0	0	0	0.000000	0.000000	25.690746	0.000000	0.000000	0.000000	-0.159937	-0.055528	0.003900	0.056104	2300.552096	2300.286483	2300.286483	2300.552096	2300.552096	2300.552096	2300.432521	2300.432521	0	0	0	0	
6/14/2021 16:40:33	0	2300.278534	2300.278534	2300.544508	2300.544508	40.639884	35.942742	38.670405	21.572190	33.594683	40.604705	17.367858	8.495570	5.525401	0.000000	0.000000	10.000000	0.000000	0.000000	0.000000	0.000000	0.000000	10.000000	0.000000	0.000000	0.000000	1.391313	0.360961	10.355369	0.058349	0.144385	0.118078	A	Moving or Left	A	A	0	0	1	0	0	0	0.000000	0.000000	25.693096	0.000000	0.000000	0.000000	0.382136	0.297755	0.217643	0.196958	2300.544508	2300.278534	2300.278534	2300.544508	2300.544508	2300.544508	2300.424830	2300.424830	0	0	0	0	
6/14/2021 16:40:48	0	2300.290509	2300.290509	2300.555294	2300.555294	40.669948	35.947422	38.787316	21.574793	33.594785	40.607463	17.630418	8.261140	2.363576	0.000000	0.000000	10.000000	0.000000	0.000000	0.000000	0.000000	0.000000	10.000000	0.000000	0.000000	0.000000	1.325647	0.383945	10.357011	0.056510	0.141758	0.112168	A	Moving or Left	A	A	0	0	1	0	0	0	0.000000	0.000000	25.703068	0.000000	0.000000	0.000000	0.127680	0.089265	0.072192	0.084997	2300.555294	2300.290509	2300.290509	2300.555294	2300.555294	2300.555294	2300.435822	2300.435822	0	0	0	0	
6/14/2021 16:41:03	0	2300.297906	2300.297906	2300.563081	2300.563081	40.711853	35.955449	38.863439	21.575388	33.594924	40.609757	17.527616	9.042014	5.151104	0.000000	0.000000	10.000000	0.000000	0.000000	0.000000	0.000000	0.000000	10.000000	0.000000	0.000000	0.000000	1.325647	0.365886	10.342236	0.058579	0.133221	0.110198	A	Moving or Left	A	A	0	0	1	0	0	0	0.000000	0.000000	25.693552	0.000000	0.000000	0.000000	0.383121	0.303665	0.217971	0.199256	2300.563081	2300.297906	2300.297906	2300.563081	2300.563081	2300.563081	2300.443531	2300.443531	0	0	0	0	
6/14/2021 16:41:18	0	2300.302730	2300.302730	2300.567078	2300.567078	40.713650	35.939208	38.914362	21.580921	33.594831	40.607742	16.956798	5.986621	-4.462414	0.000000	0.000000	10.000000	0.000000	0.000000	0.000000	0.000000	0.000000	10.000000	0.000000	0.000000	0.000000	1.411013	0.367528	10.355369	0.058579	0.149638	0.115123	A	Moving or Left	A	A	0	0	1	0	0	0	0.000000	0.000000	25.691355	0.000000	0.000000	0.000000	-0.151401	-0.037470	0.028853	0.085326	2300.567078	2300.302730	2300.302730	2300.567078	2300.567078	2300.567078	2300.447475	2300.447475	0	0	0	0	
6/14/2021 16:41:33	0	2300.294382	2300.294382	2300.559066	2300.559066	40.753013	35.941223	38.951990	21.581042	33.594803	40.604612	17.288884	8.320488	5.627183	0.000000	0.000000	10.000000	0.000000	0.000000	0.000000	0.000000	0.000000	10.000000	0.000000	0.000000	0.000000	1.384746	0.388870	10.371786	0.059958	0.141758	0.112168	A	Moving or Left	A	A	0	0	1	0	0	0	0.000000	0.000000	25.699360	0.000000	0.000000	0.000000	0.383450	0.298084	0.214031	0.193018	2300.559066	2300.294382	2300.294382	2300.559066	2300.559066	2300.559066	2300.438169	2300.438169	0	0	0	0	
6/14/2021 16:41:48	0	2300.308932	2300.308932	2300.572840	2300.572840	40.760669	35.950893	38.989214	21.587346	33.594664	40.603496	17.715578	7.951295	-3.940368	0.000000	0.000000	10.000000	0.000000	0.000000	0.000000	0.000000	0.000000	10.000000	0.000000	0.000000	0.000000	1.417579	0.374095	10.329103	0.058119	0.139788	0.113153	A	Moving or Left	A	A	0	0	1	0	0	0	0.000000	0.000000	25.690405	0.000000	0.000000	0.000000	-0.156326	-0.063737	-0.005622	0.043956	2300.572840	2300.308932	2300.308932	2300.572840	2300.572840	2300.572840	2300.452513	2300.452513	0	0	0	0	
6/14/2021 16:42:03	0	2300.310052	2300.310052	2300.574116	2300.574116	40.799257	35.961307	39.013080	21.585486	33.595147	40.605573	17.805090	9.362496	-3.224608	0.000000	0.000000	10.000000	0.000000	0.000000	0.000000	0.000000	0.000000	10.000000	0.000000	0.000000	0.000000	1.365046	0.351112	10.338953	0.060647	0.141758	0.111183	A	Moving or Left	A	A	0	0	1	0	0	0	0.000000	0.000000	25.695633	0.000000	0.000000	0.000000	-0.189159	-0.106748	-0.078183	-0.036813	2300.574116	2300.310052	2300.310052	2300.574116	2300.574116	2300.574116	2300.453452	2300.453452	0	0	0	0	
6/14/2021 16:42:18	0	2300.304027	2300.304027	2300.567729	2300.567729	40.818194	35.948073	39.040138	21.588518	33.594608	40.599994	17.776786	9.835384	5.860298	0.000000	0.000000	10.000000	0.000000	0.000000	0.000000	0.000000	0.000000	10.000000	0.000000	0.000000	0.000000	1.345347	0.370811	10.329103	0.057659	0.141758	0.105273	A	Moving or Left	A	A	0	0	1	0	0	0	0.000000	0.000000	25.693663	0.000000	0.000000	0.000000	0.382136	0.286264	0.189735	0.161170	2300.567729	2300.304027	2300.304027	2300.567729	2300.567729	2300.567729	2300.446004	2300.446004	0	0	0	0	
6/14/2021 16:42:33	0	2300.303377	2300.303377	2300.567105	2300.567105	40.850894	35.955294	39.067630	21.592888	33.594841	40.601327	17.695593	9.151908	-3.332957	0.000000	0.000000	10.000000	0.000000	0.000000	0.000000	0.000000	0.000000	10.000000	0.000000	0.000000	0.000000	1.266547	0.400361	10.327461	0.056051	0.137161	0.123003	A	Moving or Left	A	A	0	0	1	0	0	0	0.000000	0.000000	25.690063	0.000000	0.000000	0.000000	-0.219693	-0.130716	-0.111344	-0.068005	2300.567105	2300.303377	2300.303377	2300.567105	2300.567105	2300.567105	2300.445095	2300.445095	0	0	0	0	
6/14/2021 16:42:48	0	2300.302139	2300.302139	2300.565763	2300.565763	40.865027	35.955759	39.094812	21.594413	33.594906	40.604116	17.956839	8.711626	-1.241493	0.000000	0.000000	10.000000	0.000000	0.000000	0.000000	0.000000	0.000000	10.000000	0.000000	0.000000	0.000000	1.338780	0.370811	10.319253	0.056510	0.139131	0.118078	A	Moving or Left	A	A	0	0	1	0	0	0	0.000000	0.000000	25.691515	0.000000	0.000000	0.000000	-0.080810	-0.021710	-0.009234	0.030494	2300.565763	2300.302139	2300.302139	2300.565763	2300.565763	2300.565763	2300.443676	2300.443676	0	0	0	0	
6/14/2021 16:43:03	0	2300.323623	2300.323623	2300.586862	2300.586862	40.890597	35.951947	39.118554	21.598151	33.594794	40.601729	17.604903	8.476279	4.977088	0.000000	0.000000	10.000000	0.000000	0.000000	0.000000	0.000000	0.000000	10.000000	0.000000	0.000000	0.000000	1.227148	0.385586	10.324178	0.055131	0.135191	0.115123	A	Moving or Left	A	A	0	0	1	0	0	0	0.000000	0.000000	25.688967	0.000000	0.000000	0.000000	0.378525	0.311217	0.240954	0.223553	2300.586862	2300.323623	2300.323623	2300.586862	2300.586862	2300.586862	2300.465213	2300.465213	0	0	0	0	
6/14/2021 16:43:18	0	2300.316020	2300.316020	2300.579517	2300.579517	40.909349	35.947980	39.141582	21.596654	33.595092	40.600366	17.704805	8.678883	-1.559974	0.000000	0.000000	10.000000	0.000000	0.000000	0.000000	0.000000	0.000000	10.000000	0.000000	0.000000	0.000000	1.365046	0.380661	10.340594	0.059038	0.141758	0.118078	A	Moving or Left	A	A	0	0	1	0	0	0	0.000000	0.000000	25.686796	0.000000	0.000000	0.000000	-0.093286	-0.031232	-0.021710	0.015063	2300.579517	2300.316020	2300.316020	2300.579517	2300.579517	2300.579517	2300.457610	2300.457610	0	0	0	0	
6/14/2021 16:43:33	0	2300.309522	2300.309522	2300.572863	2300.572863	40.933959	35.950583	39.167618	21.600606	33.594748	40.597979	17.235004	7.827504	1.890780	0.000000	0.000000	10.000000	0.000000	0.000000	0.000000	0.000000	0.000000	10.000000	0.000000	0.000000	0.000000	1.286247	0.354395	10.325819	0.055591	0.139788	0.128913	A	Moving or Left	A	A	0	0	1	0	0	0	0.000000	0.000000	25.690426	0.000000	0.000000	0.000000	0.114875	0.092220	0.089265	0.108965	2300.572863	2300.309522	2300.309522	2300.572863	2300.572863	2300.572863	2300.450904	2300.450904	0	0	0	0	
6/14/2021 16:43:48	0	2300.314847	2300.314847	2300.578396	2300.578396	40.943412	35.945686	39.191855	21.601535	33.594785	40.603496	17.482178	8.071665	-3.684271	0.000000	0.000000	10.000000	0.000000	0.000000	0.000000	0.000000	0.000000	10.000000	0.000000	0.000000	0.000000	1.312514	0.370811	10.342236	0.056510	0.152921	0.122018	A	Moving or Left	A	A	0	0	1	0	0	0	0.000000	0.000000	25.684481	0.000000	0.000000	0.000000	-0.138924	-0.049618	-0.017442	0.029509	2300.578396	2300.314847	2300.314847	2300.578396	2300.578396	2300.578396	2300.456463	2300.456463	0	0	0	0	
6/14/2021 16:44:03	0	2300.310378	2300.310378	2300.573202	2300.573202	40.964612	35.944229	39.213273	21.603720	33.595147	40.605728	17.658325	7.948965	-4.111100	0.000000	0.000000	10.000000	0.000000	0.000000	0.000000	0.000000	0.000000	10.000000	0.000000	0.000000	0.000000	1.365046	0.388870	10.335669	0.056051	0.139131	0.111183	A	Moving or Left	A	A	0	0	1	0	0	0	0.000000	0.000000	25.690702	0.000000	0.000000	0.000000	-0.125791	-0.027949	0.029509	0.080072	2300.573202	2300.310378	2300.310378	2300.573202	2300.573202	2300.573202	2300.451735	2300.451735	0	0	0	0	
6/14/2021 16:44:18	0	2300.319980	2300.319980	2300.583323	2300.583323	40.981628	35.951482	39.241973	21.608165	33.594989	40.603775	17.353129	7.925508	2.324176	0.000000	0.000000	10.000000	0.000000	0.000000	0.000000	0.000000	0.000000	10.000000	0.000000	0.000000	0.000000	1.279681	0.387228	10.324178	0.055361	0.143728	0.111183	A	Moving or Left	A	A	0	0	1	0	0	0	0.000000	0.000000	25.688429	0.000000	0.000000	0.000000	0.198271	0.167736	0.168393	0.186451	2300.583323	2300.319980	2300.319980	2300.583323	2300.583323	2300.583323	2300.461933	2300.461933	0	0	0	0	
6/14/2021 16:44:33	0	2300.323283	2300.323283	2300.586109	2300.586109	40.988757	35.954427	39.259113	21.610276	33.594971	40.603992	17.707011	9.633858	5.577934	0.000000	0.000000	10.000000	0.000000	0.000000	0.000000	0.000000	0.000000	10.000000	0.000000	0.000000	0.000000	1.266547	0.403644	10.320894	0.056740	0.141101	0.109213	A	Moving or Left	A	A	0	0	1	0	0	0	0.000000	0.000000	25.688303	0.000000	0.000000	0.000000	0.395270	0.307934	0.216986	0.193018	2300.586109	2300.323283	2300.323283	2300.586109	2300.586109	2300.586109	2300.464564	2300.464564	0	0	0	0	
6/14/2021 16:44:48	0	2300.326797	2300.326797	2300.590193	2300.590193	41.008624	35.956224	39.280252	21.611540	33.594785	40.606534	17.703515	8.531796	-3.674421	0.000000	0.000000	10.000000	0.000000	0.000000	0.000000	0.000000	0.000000	10.000000	0.000000	0.000000	0.000000	1.332213	0.388870	10.355369	0.060188	0.141758	0.125958	A	Moving or Left	A	A	0	0	1	0	0	0	0.000000	0.000000	25.682173	0.000000	0.000000	0.000000	-0.127433	-0.032545	0.004228	0.047568	2300.590193	2300.326797	2300.326797	2300.590193	2300.590193	2300.590193	2300.469113	2300.469113	0	0	0	0	
6/14/2021 16:45:03	0	2300.338083	2300.338083	2300.601066	2300.601066	41.032769	35.942990	39.295129	21.614181	33.595064	40.607742	17.656057	9.714208	5.784782	0.000000	0.000000	10.000000	0.000000	0.000000	0.000000	0.000000	0.000000	10.000000	0.000000	0.000000	0.000000	1.259981	0.398719	10.340594	0.058809	0.143071	0.109213	A	Moving or Left	A	A	0	0	1	0	0	0	0.000000	0.000000	25.683159	0.000000	0.000000	0.000000	0.374913	0.288562	0.193018	0.167408	2300.601066	2300.338083	2300.338083	2300.601066	2300.601066	2300.601066	2300.480296	2300.480296	0	0	0	0	
6/14/2021 16:45:18	0	2300.327992	2300.327992	2300.591388	2300.591388	41.035000	35.954272	39.321939	21.619853	33.594590	40.610346	17.342195	8.621519	3.985529	0.000000	0.000000	10.000000	0.000000	0.000000	0.000000	0.000000	0.000000	10.000000	0.000000	0.000000	0.000000	1.384746	0.380661	10.319253	0.057200	0.136505	0.111183	A	Moving or Left	A	A	0	0	1	0	0	0	0.000000	0.000000	25.686449	0.000000	0.000000	0.000000	0.317784	0.258356	0.182511	0.165766	2300.591388	2300.327992	2300.327992	2300.591388	2300.591388	2300.591388	2300.471110	2300.471110	0	0	0	0	
6/14/2021 16:45:33	0	2300.332040	2300.332040	2300.595307	2300.595307	41.051923	35.955511	39.336692	21.619769	33.595017	40.608734	17.355931	7.559464	-0.538866	0.000000	0.000000	10.000000	0.000000	0.000000	0.000000	0.000000	0.000000	10.000000	0.000000	0.000000	0.000000	1.325647	0.369170	10.335669	0.056051	0.143071	0.111183	A	Moving or Left	A	A	0	0	1	0	0	0	0.000000	0.000000	25.685884	0.000000	0.000000	0.000000	0.046583	0.076461	0.110935	0.150007	2300.595307	2300.332040	2300.332040	2300.595307	2300.595307	2300.595307	2300.475107	2300.475107	0	0	0	0	
6/14/2021 16:45:48	0	2300.330870	2300.330870	2300.594190	2300.594190	41.058463	35.942525	39.355506	21.618300	33.594720	40.609912	17.848135	10.282596	5.847165	0.000000	0.000000	10.000000	0.000000	0.000000	0.000000	0.000000	0.000000	10.000000	0.000000	0.000000	0.000000	1.292814	0.379020	10.325819	0.058349	0.146355	0.114138	A	Moving or Left	A	A	0	0	1	0	0	0	0.000000	0.000000	25.681084	0.000000	0.000000	0.000000	0.371630	0.275101	0.174960	0.145082	2300.594190	2300.330870	2300.330870	2300.594190	2300.594190	2300.594190	2300.474299	2300.474299	0	0	0	0	
6/14/2021 16:46:03	0	2300.349714	2300.349714	2300.612647	2300.612647	41.063949	35.952753	39.380766	21.622624	33.594831	40.610873	17.654370	9.122165	5.614050	0.000000	0.000000	10.000000	0.000000	0.000000	0.000000	0.000000	0.000000	10.000000	0.000000	0.000000	0.000000	1.378180	0.400361	10.352086	0.057659	0.141758	0.116108	A	Moving or Left	A	A	0	0	1	0	0	0	0.000000	0.000000	25.675694	0.000000	0.000000	0.000000	0.396911	0.311217	0.218299	0.193675	2300.612647	2300.349714	2300.349714	2300.612647	2300.612647	2300.612647	2300.492031	2300.492031	0	0	0	0	
6/14/2021 16:46:18	0	2300.347596	2300.347596	2300.610891	2300.610891	41.074673	35.949282	39.405221	21.626715	33.594952	40.612330	17.477380	7.731719	0.101378	0.000000	0.000000	10.000000	0.000000	0.000000	0.000000	0.000000	0.000000	10.000000	0.000000	0.000000	0.000000	1.305947	0.377378	10.330744	0.055821	0.143728	0.123003	A	Moving or Left	A	A	0	0	1	0	0	0	0.000000	0.000000	25.671667	0.000000	0.000000	0.000000	0.034434	0.061029	0.064641	0.097802	2300.610891	2300.347596	2300.347596	2300.610891	2300.610891	2300.610891	2300.490690	2300.490690	0	0	0	0	
6/14/2021 16:46:33	0	2300.345347	2300.345347	2300.608384	2300.608384	41.085552	35.941843	39.427289	21.625330	33.594831	40.609261	17.186851	7.434197	3.158136	0.000000	0.000000	10.000000	0.000000	0.000000	0.000000	0.000000	0.000000	10.000000	0.000000	0.000000	0.000000	1.325647	0.380661	10.322536	0.056510	0.136505	0.118078	A	Moving or Left	A	A	0	0	1	0	0	0	0.000000	0.000000	25.671909	0.000000	0.000000	0.000000	0.199585	0.157887	0.130635	0.137530	2300.608384	2300.345347	2300.345347	2300.608384	2300.608384	2300.608384	2300.488311	2300.488311	0	0	0	0	
6/14/2021 16:46:48	0	2300.341025	2300.341025	2300.603726	2300.603726	41.106288	35.940789	39.452797	21.630844	33.594850	40.611183	17.606800	8.778747	0.304943	0.000000	0.000000	10.000000	0.000000	0.000000	0.000000	0.000000	0.000000	10.000000	0.000000	0.000000	0.000000	1.351913	0.403644	10.309403	0.057889	0.136505	0.112168	A	Moving or Left	A	A	0	0	1	0	0	0	0.000000	0.000000	25.670410	0.000000	0.000000	0.000000	-0.009562	0.001930	-0.005622	0.019988	2300.603726	2300.341025	2300.341025	2300.603726	2300.603726	2300.603726	2300.483705	2300.483705	0	0	0	0	
6/14/2021 16:47:03	0	2300.359525	2300.359525	2300.622383	2300.622383	41.132819	35.964190	39.468481	21.633289	33.594943	40.607773	17.535017	8.145581	1.700348	0.000000	0.000000	10.000000	0.000000	0.000000	0.000000	0.000000	0.000000	10.000000	0.000000	0.000000	0.000000	1.286247	0.397078	10.330744	0.054672	0.140445	0.109213	A	Moving or Left	A	A	0	0	1	0	0	0	0.000000	0.000000	25.672735	0.000000	0.000000	0.000000	0.270176	0.266564	0.235044	0.231433	2300.622383	2300.359525	2300.359525	2300.622383	2300.622383	2300.622383	2300.502361	2300.502361	0	0	0	0	
6/14/2021 16:47:18	0	2300.368643	2300.368643	2300.631968	2300.631968	41.136011	35.956286	39.492532	21.632731	33.595092	40.615057	17.534558	8.766015	1.536183	0.000000	0.000000	10.000000	0.000000	0.000000	0.000000	0.000000	0.000000	10.000000	0.000000	0.000000	0.000000	1.345347	0.374095	10.332386	0.057430	0.143071	0.113153	A	Moving or Left	A	A	0	0	1	0	0	0	0.000000	0.000000	25.674620	0.000000	0.000000	0.000000	0.205494	0.205166	0.155917	0.157230	2300.631968	2300.368643	2300.368643	2300.631968	2300.631968	2300.631968	2300.511376	2300.511376	0	0	0	0	
6/14/2021 16:47:33	0	2300.355781	2300.355781	2300.618897	2300.618897	41.160094	35.954179	39.513639	21.634805	33.595017	40.611369	17.438377	8.397131	-2.669730	0.000000	0.000000	10.000000	0.000000	0.000000	0.000000	0.000000	0.000000	10.000000	0.000000	0.000000	0.000000	1.378180	0.403644	10.360294	0.055131	0.143071	0.113153	A	Moving or Left	A	A	0	0	1	0	0	0	0.000000	0.000000	25.671310	0.000000	0.000000	0.000000	-0.149759	-0.062423	-0.045022	-0.000369	2300.618897	2300.355781	2300.355781	2300.618897	2300.618897	2300.618897	2300.499238	2300.499238	0	0	0	0	
6/14/2021 16:47:48	0	2300.347383	2300.347383	2300.610240	2300.610240	41.150982	35.949932	39.536079	21.634368	33.595064	40.611121	17.540038	8.002982	0.268827	0.000000	0.000000	10.000000	0.000000	0.000000	0.000000	0.000000	0.000000	10.000000	0.000000	0.000000	0.000000	1.299380	0.377378	10.342236	0.058579	0.140445	0.114138	A	Moving or Left	A	A	0	0	1	0	0	0	450.000000	27.132950	25.672115	0.000000	0.000000	0.000000	0.208449	0.247849	0.225194	0.233731	2300.610240	2300.347383	2300.347383	2300.610240	2300.610240	2300.610240	2300.490089	2300.490089	0	0	0	0	
6/14/2021 16:48:03	0	2300.360180	2300.360180	2300.623531	2300.623531	41.159660	35.945934	39.551763	21.639342	33.595175	40.612144	17.490274	8.251433	-2.600781	0.000000	0.000000	10.000000	0.000000	0.000000	0.000000	0.000000	0.000000	10.000000	0.000000	0.000000	0.000000	1.345347	0.383945	10.327461	0.056740	0.139131	0.116108	A	Moving or Left	A	A	0	0	1	0	0	0	450.000000	29.382950	25.679117	0.000000	0.000000	0.000000	-0.077855	-0.015800	-0.006279	0.027211	2300.623531	2300.360180	2300.360180	2300.623531	2300.623531	2300.623531	2300.503742	2300.503742	0	0	0	0	
6/14/2021 16:48:18	0	2300.370239	2300.370239	2300.632762	2300.632762	41.172988	35.956224	39.570638	21.640449	33.595240	40.616514	17.667512	8.873441	-1.379392	0.000000	0.000000	10.000000	0.000000	0.000000	0.000000	0.000000	0.000000	10.000000	0.000000	0.000000	0.000000	1.384746	0.405286	10.350444	0.059268	0.144385	0.118078	A	Moving or Left	A	A	0	0	1	0	0	0	450.000000	32.049618	26.269741	0.000000	0.000000	0.000000	0.009153	0.058402	0.039359	0.055119	2300.632762	2300.370239	2300.370239	2300.632762	2300.632762	2300.632762	2300.512611	2300.512611	0	0	0	0	
6/14/2021 16:48:33	0	2300.363301	2300.363301	2300.625332	2300.625332	41.188795	35.958425	39.585144	21.642513	33.595222	40.608114	17.090681	7.080352	-2.091869	0.000000	0.000000	10.000000	0.000000	0.000000	0.000000	0.000000	0.000000	10.000000	0.000000	0.000000	0.000000	1.319080	0.385586	10.352086	0.060647	0.147011	0.118078	A	Moving or Left	A	A	0	0	1	0	0	0	450.000000	34.299618	28.987062	0.000000	0.000000	0.000000	-0.079168	-0.015144	0.028853	0.073506	2300.625332	2300.363301	2300.363301	2300.625332	2300.625332	2300.625332	2300.505905	2300.505905	0	0	0	0	
6/14/2021 16:48:48	0	2300.377764	2300.377764	2300.639512	2300.639512	41.186501	35.954861	39.604484	21.643759	33.594859	40.609881	17.672570	8.714626	-2.393933	0.000000	0.000000	10.000000	0.000000	0.000000	0.000000	0.000000	0.000000	10.000000	0.000000	0.000000	0.000000	1.351913	0.410211	10.350444	0.060417	0.145041	0.122018	A	Moving or Left	A	A	0	0	1	0	0	0	450.000000	36.966282	34.171753	0.000000	0.000000	0.000000	-0.026307	0.046583	0.064969	0.101085	2300.639512	2300.377764	2300.377764	2300.639512	2300.639512	2300.639512	2300.519412	2300.519412	0	0	0	0	
6/14/2021 16:49:03	0	2300.361291	2300.361291	2300.623322	2300.623322	41.198961	35.945655	39.618370	21.646139	33.595110	40.612113	17.475384	7.260393	-2.502282	0.000000	0.000000	10.000000	0.000000	0.000000	0.000000	0.000000	0.000000	10.000000	0.000000	0.000000	0.000000	1.371613	0.395436	10.347161	0.055131	0.137818	0.110198	A	Moving or Left	A	A	0	0	1	0	0	0	450.000000	39.591282	38.761185	0.000000	0.000000	0.000000	-0.025322	0.045926	0.098130	0.145082	2300.623322	2300.361291	2300.361291	2300.623322	2300.623322	2300.623322	2300.502782	2300.502782	0	0	0	0	
6/14/2021 16:49:18	0	2300.364579	2300.364579	2300.626456	2300.626456	41.207825	35.952505	39.633743	21.646112	33.594887	40.610191	17.621368	9.613538	5.830749	0.000000	0.000000	10.000000	0.000000	0.000000	0.000000	0.000000	0.000000	10.000000	0.000000	0.000000	0.000000	1.325647	0.395436	10.350444	0.056510	0.145041	0.107243	A	Moving or Left	A	A	0	0	1	0	0	0	450.000000	41.841282	41.503914	0.000000	0.000000	0.000000	0.386076	0.286920	0.190063	0.164782	2300.626456	2300.364579	2300.364579	2300.626456	2300.626456	2300.626456	2300.505941	2300.505941	0	0	0	0	
6/14/2021 16:49:33	0	2300.389935	2300.389935	2300.651244	2300.651244	41.217899	35.950211	39.654788	21.648836	33.594701	40.609478	17.598704	8.901845	-1.057628	0.000000	0.000000	10.000000	0.000000	0.000000	0.000000	0.000000	0.000000	10.000000	0.000000	0.000000	0.000000	1.338780	0.395436	10.342236	0.055361	0.139131	0.115123	A	Moving or Left	A	A	0	0	1	0	0	0	450.000000	44.507950	43.841621	0.000000	0.000000	0.000000	0.038703	0.073834	0.055119	0.071207	2300.651244	2300.389935	2300.389935	2300.651244	2300.651244	2300.651244	2300.531738	2300.531738	0	0	0	0	
6/14/2021 16:49:48	0	2300.366136	2300.366136	2300.627081	2300.627081	41.228468	35.942370	39.673633	21.651207	33.594896	40.615553	17.493906	7.801766	0.347626	0.000000	0.000000	10.000000	0.000000	0.000000	0.000000	0.000000	0.000000	10.000000	0.000000	0.000000	0.000000	1.279681	0.402003	10.353728	0.056970	0.143071	0.118078	A	Moving or Left	A	A	0	0	1	0	0	0	450.000000	46.757950	45.653011	0.000000	0.000000	0.000000	0.046911	0.066939	0.067596	0.099115	2300.627081	2300.366136	2300.366136	2300.627081	2300.627081	2300.627081	2300.508094	2300.508094	0	0	0	0	
6/14/2021 16:50:03	0	2300.380047	2300.380047	2300.640606	2300.640606	41.228344	35.960254	39.687239	21.652332	33.595082	40.620667	17.296893	7.583850	-2.387366	0.000000	0.000000	10.000000	0.000000	0.000000	0.000000	0.000000	0.000000	10.000000	0.000000	0.000000	0.000000	1.391313	0.374095	10.353728	0.058809	0.135848	0.111183	A	Moving or Left	A	A	0	0	1	0	0	0	450.000000	49.382950	48.010895	0.000000	0.000000	0.000000	-0.108061	-0.038783	0.006526	0.052821	2300.640606	2300.380047	2300.380047	2300.640606	2300.640606	2300.640606	2300.521799	2300.521799	0	0	0	0	
6/14/2021 16:50:18	0	2300.387342	2300.387342	2300.647488	2300.647488	41.252798	35.949096	39.706270	21.651728	33.594999	40.618497	17.566334	8.303045	-1.927704	0.000000	0.000000	10.000000	0.000000	0.000000	0.000000	0.000000	0.000000	10.000000	0.000000	0.000000	0.000000	1.378180	0.372453	10.350444	0.056740	0.138475	0.113153	A	Moving or Left	A	A	0	0	1	0	0	0	450.000000	52.049618	50.654900	0.000000	0.000000	0.000000	0.016376	0.084669	0.097145	0.127680	2300.647488	2300.387342	2300.387342	2300.647488	2300.647488	2300.647488	2300.528525	2300.528525	0	0	0	0	
6/14/2021 16:50:33	0	2300.375273	2300.375273	2300.634978	2300.634978	41.254348	35.945469	39.725176	21.655419	33.595073	40.615584	17.657333	8.688925	-3.306691	0.000000	0.000000	10.000000	0.000000	0.000000	0.000000	0.000000	0.000000	10.000000	0.000000	0.000000	0.000000	1.286247	0.408569	10.357011	0.056051	0.143728	0.113153	A	Moving or Left	A	A	0	0	1	0	0	0	450.000000	54.299618	53.126709	0.000000	0.000000	0.000000	-0.188502	-0.083765	-0.055857	-0.006935	2300.634978	2300.375273	2300.375273	2300.634978	2300.634978	2300.634978	2300.516507	2300.516507	0	0	0	0	
6/14/2021 16:50:48	0	2300.381713	2300.381713	2300.641652	2300.641652	41.265661	35.951203	39.742626	21.658330	33.595213	40.617630	17.417647	8.865110	5.489284	0.000000	0.000000	10.000000	0.000000	0.000000	0.000000	0.000000	0.000000	10.000000	0.000000	0.000000	0.000000	1.351913	0.405286	10.348803	0.058119	0.140445	0.114138	A	Moving or Left	A	A	0	0	1	0	0	0	450.000000	56.924618	55.899796	0.000000	0.000000	0.000000	0.372943	0.294472	0.208121	0.189078	2300.641652	2300.381713	2300.381713	2300.641652	2300.641652	2300.641652	2300.523776	2300.523776	0	0	0	0	
6/14/2021 16:51:03	0	2300.389571	2300.389571	2300.649406	2300.649406	41.269132	35.945252	39.765655	21.658488	33.595101	40.617103	17.237681	7.642430	-0.473200	0.000000	0.000000	10.000000	0.000000	0.000000	0.000000	0.000000	0.000000	10.000000	0.000000	0.000000	0.000000	1.319080	0.390511	10.332386	0.055821	0.146355	0.112168	A	Moving or Left	A	A	0	0	1	0	0	0	450.000000	59.216282	58.224842	0.000000	0.000000	0.000000	0.069566	0.098459	0.095832	0.112249	2300.649406	2300.389571	2300.389571	2300.649406	2300.649406	2300.649406	2300.531220	2300.531220	0	0	0	0	
6/14/2021 16:51:18	0	2300.388808	2300.388808	2300.648048	2300.648048	41.267831	35.944105	39.776317	21.659734	33.594655	40.617320	17.313829	7.645802	3.066203	0.000000	0.000000	10.000000	0.000000	0.000000	0.000000	0.000000	0.000000	10.000000	0.000000	0.000000	0.000000	1.286247	0.393794	10.327461	0.057430	0.141101	0.110198	A	Moving or Left	A	A	0	0	1	0	0	0	450.000000	61.841282	60.804661	0.000000	0.000000	0.000000	0.283637	0.237343	0.200241	0.202868	2300.648048	2300.388808	2300.388808	2300.648048	2300.648048	2300.648048	2300.530224	2300.530224	0	0	0	0	
6/14/2021 16:51:33	0	2300.386463	2300.386463	2300.645341	2300.645341	41.275579	35.941967	39.794387	21.662570	33.594850	40.615739	17.208051	7.731904	4.908139	0.000000	0.000000	10.000000	0.000000	0.000000	0.000000	0.000000	0.000000	10.000000	0.000000	0.000000	0.000000	1.305947	0.390511	10.319253	0.056970	0.140445	0.122018	A	Moving or Left	A	A	0	0	1	0	0	0	450.000000	64.507950	63.446682	0.000000	0.000000	0.000000	0.393956	0.323694	0.247521	0.235044	2300.645341	2300.386463	2300.386463	2300.645341	2300.645341	2300.645341	2300.527776	2300.527776	0	0	0	0	
6/14/2021 16:51:48	0	2300.399054	2300.399054	2300.658166	2300.658166	41.288194	35.951017	39.811310	21.663295	33.595017	40.616421	17.636220	8.261388	-1.051062	0.000000	0.000000	10.000000	0.000000	0.000000	0.000000	0.000000	0.000000	10.000000	0.000000	0.000000	0.000000	1.292814	0.426628	10.329103	0.056510	0.138475	0.110198	A	Moving or Left	A	A	0	0	1	0	0	0	450.000000	66.757950	65.707100	0.000000	0.000000	0.000000	-0.093286	-0.044693	-0.038783	-0.003980	2300.658166	2300.399054	2300.399054	2300.658166	2300.658166	2300.658166	2300.540134	2300.540134	0	0	0	0	
6/14/2021 16:52:03	0	2300.390786	2300.390786	2300.650157	2300.650157	41.294455	35.941533	39.829938	21.665052	33.595138	40.614065	17.170312	6.864929	-3.881269	0.000000	0.000000	10.000000	0.000000	0.000000	0.000000	0.000000	0.000000	10.000000	0.000000	0.000000	0.000000	1.378180	0.428269	10.340594	0.057200	0.139131	0.112168	A	Moving or Left	A	A	0	0	1	0	0	0	450.000000	69.424614	68.306076	0.000000	0.000000	0.000000	-0.116926	-0.016457	0.045926	0.097474	2300.650157	2300.390786	2300.390786	2300.650157	2300.650157	2300.650157	2300.532203	2300.532203	0	0	0	0	
6/14/2021 16:52:18	0	2300.391629	2300.391629	2300.650638	2300.650638	41.300437	35.946864	39.846860	21.667200	33.595027	40.615088	17.768827	8.519671	0.114511	0.000000	0.000000	10.000000	0.000000	0.000000	0.000000	0.000000	0.000000	10.000000	0.000000	0.000000	0.000000	1.292814	0.380661	10.348803	0.058119	0.139131	0.110198	A	Moving or Left	A	A	0	0	1	0	0	0	450.000000	71.674614	70.614235	0.000000	0.000000	0.000000	0.017033	0.031151	0.050522	0.080729	2300.650638	2300.391629	2300.391629	2300.650638	2300.650638	2300.650638	2300.532814	2300.532814	0	0	0	0	
6/14/2021 16:52:33	0	2300.406725	2300.406725	2300.665503	2300.665503	41.312648	35.947546	39.867596	21.665443	33.595110	40.616700	17.273362	7.750439	0.702223	0.000000	0.000000	10.000000	0.000000	0.000000	0.000000	0.000000	0.000000	10.000000	0.000000	0.000000	0.000000	1.404446	0.397078	10.347161	0.057889	0.141758	0.114138	A	Moving or Left	A	A	0	0	1	0	0	0	450.000000	74.299614	73.279152	0.000000	0.000000	0.000000	0.013093	0.014406	0.022614	0.052492	2300.665503	2300.406725	2300.406725	2300.665503	2300.665503	2300.665503	2300.547936	2300.547936	0	0	0	0	
6/14/2021 16:52:48	0	2300.396790	2300.396790	2300.655774	2300.655774	41.311905	35.945469	39.883713	21.665043	33.595092	40.617754	17.683728	8.297887	-3.477423	0.000000	0.000000	10.000000	0.000000	0.000000	0.000000	0.000000	0.000000	10.000000	0.000000	0.000000	0.000000	1.358480	0.383945	10.332386	0.056510	0.141101	0.120048	A	Moving or Left	A	A	0	0	1	0	0	0	450.000000	76.966286	75.925461	0.000000	0.000000	0.000000	-0.108389	-0.015144	0.021629	0.063984	2300.655774	2300.396790	2300.396790	2300.655774	2300.655774	2300.655774	2300.538337	2300.538337	0	0	0	0	
6/14/2021 16:53:03	0	2300.389368	2300.389368	2300.648766	2300.648766	41.323620	35.947143	39.895553	21.669674	33.595361	40.616266	17.401109	8.474853	-0.693181	0.000000	0.000000	10.000000	0.000000	0.000000	0.000000	0.000000	0.000000	10.000000	0.000000	0.000000	0.000000	1.279681	0.405286	10.342236	0.057200	0.136505	0.122018	A	Moving or Left	A	A	0	0	1	0	0	0	450.000000	79.216286	78.196236	0.000000	0.000000	0.000000	0.107652	0.139828	0.121442	0.134575	2300.648766	2300.389368	2300.389368	2300.648766	2300.648766	2300.648766	2300.530992	2300.530992	0	0	0	0	
6/14/2021 16:53:18	0	2300.418975	2300.418975	2300.677987	2300.677987	41.332113	35.951358	39.909903	21.670380	33.595389	40.614933	17.103116	7.057751	3.319018	0.000000	0.000000	10.000000	0.000000	0.000000	0.000000	0.000000	0.000000	10.000000	0.000000	0.000000	0.000000	1.391313	0.383945	10.322536	0.056740	0.143728	0.110198	A	Moving or Left	A	A	0	0	1	0	0	0	450.000000	81.841286	80.823532	0.000000	0.000000	0.000000	0.238984	0.203525	0.168721	0.173646	2300.677987	2300.418975	2300.418975	2300.677987	2300.677987	2300.677987	2300.560316	2300.560316	0	0	0	0	
6/14/2021 16:53:33	0	2300.415095	2300.415095	2300.674314	2300.674314	41.335956	35.955852	39.921557	21.671701	33.595175	40.614065	17.791056	8.941195	1.890780	0.000000	0.000000	10.000000	0.000000	0.000000	0.000000	0.000000	0.000000	10.000000	0.000000	0.000000	0.000000	1.345347	0.405286	10.340594	0.059038	0.143071	0.105273	A	Moving or Left	A	A	0	0	1	0	0	0	450.000000	84.132950	83.064751	0.000000	0.000000	0.000000	0.244238	0.243253	0.183496	0.176601	2300.674314	2300.415095	2300.415095	2300.674314	2300.674314	2300.674314	2300.556851	2300.556851	0	0	0	0	
6/14/2021 16:53:48	0	2300.393688	2300.393688	2300.652362	2300.652362	41.335088	35.957371	39.936093	21.672881	33.594999	40.612640	17.468032	8.778970	4.478025	0.000000	0.000000	10.000000	0.000000	0.000000	0.000000	0.000000	0.000000	10.000000	0.000000	0.000000	0.000000	1.312514	0.410211	10.319253	0.059498	0.137161	0.119063	A	Moving or Left	A	A	0	0	1	0	0	0	450.000000	86.757950	85.735306	0.000000	0.000000	0.000000	0.363750	0.290204	0.210419	0.190720	2300.652362	2300.393688	2300.393688	2300.652362	2300.652362	2300.652362	2300.534822	2300.534822	0	0	0	0	
6/14/2021 16:54:03	0	2300.410970	2300.410970	2300.669905	2300.669905	41.355297	35.958332	39.947344	21.672575	33.595240	40.613538	17.565007	8.232613	1.966296	0.000000	0.000000	10.000000	0.000000	0.000000	0.000000	0.000000	0.000000	10.000000	0.000000	0.000000	0.000000	1.312514	0.403644	10.319253	0.057889	0.138475	0.107243	A	Moving or Left	A	A	0	0	1	0	0	0	450.000000	89.424614	88.441238	0.000000	0.000000	0.000000	0.163797	0.145410	0.121442	0.137530	2300.669905	2300.410970	2300.410970	2300.669905	2300.669905	2300.669905	2300.551949	2300.551949	0	0	0	0	
6/14/2021 16:54:18	0	2300.403176	2300.403176	2300.661618	2300.661618	41.357404	35.950738	39.960951	21.673114	33.595110	40.615026	17.452981	7.443483	-3.986335	0.000000	0.000000	10.000000	0.000000	0.000000	0.000000	0.000000	0.000000	10.000000	0.000000	0.000000	0.000000	1.365046	0.400361	10.330744	0.055591	0.144385	0.114138	A	Moving or Left	A	A	0	0	1	0	0	0	450.000000	91.674622	90.671959	0.000000	0.000000	0.000000	-0.121851	-0.015144	0.045269	0.099772	2300.661618	2300.403176	2300.403176	2300.661618	2300.661618	2300.661618	2300.543896	2300.543896	0	0	0	0	
6/14/2021 16:54:33	0	2300.425218	2300.425218	2300.684128	2300.684128	41.359419	35.950490	39.972202	21.674053	33.595268	40.615367	17.450712	7.254330	0.193311	0.000000	0.000000	10.000000	0.000000	0.000000	0.000000	0.000000	0.000000	10.000000	0.000000	0.000000	0.000000	1.345347	0.398719	10.348803	0.058349	0.137818	0.114138	A	Moving or Left	A	A	0	0	1	0	0	0	450.000000	94.341286	93.284203	0.000000	0.000000	0.000000	0.027539	0.054134	0.077117	0.112905	2300.684128	2300.425218	2300.425218	2300.684128	2300.684128	2300.684128	2300.566094	2300.566094	0	0	0	0	
6/14/2021 16:54:48	0	2300.434846	2300.434846	2300.693498	2300.693498	41.374296	35.955728	39.988040	21.675113	33.595147	40.617785	17.453489	8.456145	-3.047310	0.000000	0.000000	10.000000	0.000000	0.000000	0.000000	0.000000	0.000000	10.000000	0.000000	0.000000	0.000000	1.384746	0.402003	10.311044	0.058809	0.134535	0.114138	A	Moving or Left	A	A	0	0	1	0	0	0	450.000000	96.591286	95.556541	0.000000	0.000000	0.000000	-0.184234	-0.105763	-0.076870	-0.037142	2300.693498	2300.434846	2300.434846	2300.693498	2300.693498	2300.693498	2300.574092	2300.574092	0	0	0	0	
6/14/2021 16:55:03	0	2300.414590	2300.414590	2300.673836	2300.673836	41.378605	35.958053	40.001988	21.679037	33.595278	40.618281	17.617537	9.475737	5.331686	0.000000	0.000000	10.000000	0.000000	0.000000	0.000000	0.000000	0.000000	10.000000	0.000000	0.000000	0.000000	1.338780	0.387228	10.363578	0.055131	0.144385	0.117093	A	Moving or Left	A	A	0	0	1	0	0	0	450.000000	99.216286	98.259819	0.000000	0.000000	0.000000	0.324022	0.235373	0.141470	0.115532	2300.673836	2300.414590	2300.414590	2300.673836	2300.673836	2300.673836	2300.553939	2300.553939	0	0	0	0	
6/14/2021 16:55:18	0	2300.414459	2300.414459	2300.673317	2300.673317	41.385547	35.957619	40.010852	21.678070	33.595101	40.618528	17.347129	7.987162	-0.703031	0.000000	0.000000	10.000000	0.000000	0.000000	0.000000	0.000000	0.000000	10.000000	0.000000	0.000000	0.000000	1.351913	0.387228	10.325819	0.053982	0.139131	0.117093	A	Moving or Left	A	A	0	0	1	0	0	0	450.000000	101.882950	100.821777	0.000000	0.000000	0.000000	0.023271	0.065954	0.070879	0.095175	2300.673317	2300.414459	2300.414459	2300.673317	2300.673317	2300.673317	2300.553472	2300.553472	0	0	0	0	
6/14/2021 16:55:33	0	2300.416082	2300.416082	2300.675329	2300.675329	41.395094	35.962144	40.024458	21.678674	33.595464	40.615243	17.580827	8.061598	2.691906	0.000000	0.000000	10.000000	0.000000	0.000000	0.000000	0.000000	0.000000	10.000000	0.000000	0.000000	0.000000	1.273114	0.413494	10.324178	0.056510	0.144385	0.113153	A	Moving or Left	A	A	0	0	1	0	0	0	450.000000	104.132950	103.104897	0.000000	0.000000	0.000000	0.238656	0.197286	0.166095	0.171348	2300.675329	2300.416082	2300.416082	2300.675329	2300.675329	2300.675329	2300.555121	2300.555121	0	0	0	0	
6/14/2021 16:55:48	0	2300.432111	2300.432111	2300.691178	2300.691178	41.394939	35.963663	40.038654	21.684114	33.594980	40.614778	17.489666	8.102040	2.560574	0.000000	0.000000	10.000000	0.000000	0.000000	0.000000	0.000000	0.000000	10.000000	0.000000	0.000000	0.000000	1.220581	0.400361	10.329103	0.056280	0.140445	0.110198	A	Moving or Left	A	A	0	0	1	0	0	0	450.000000	106.799622	105.765678	0.000000	0.000000	0.000000	0.226508	0.196958	0.177258	0.184153	2300.691178	2300.432111	2300.432111	2300.691178	2300.691178	2300.691178	2300.571487	2300.571487	0	0	0	0	
6/14/2021 16:56:03	0	2300.439832	2300.439832	2300.699391	2300.699391	41.398255	35.959231	40.047952	21.685025	33.595110	40.613352	17.274168	7.720275	3.151569	0.000000	0.000000	10.000000	0.000000	0.000000	0.000000	0.000000	0.000000	10.000000	0.000000	0.000000	0.000000	1.365046	0.413494	10.338953	0.057430	0.145698	0.117093	A	Moving or Left	A	A	0	0	1	0	0	0	450.000000	109.049622	108.025780	0.000000	0.000000	0.000000	0.375570	0.335842	0.294800	0.286264	2300.699391	2300.439832	2300.439832	2300.699391	2300.699391	2300.699391	2300.579234	2300.579234	0	0	0	0	
6/14/2021 16:56:18	0	2300.420146	2300.420146	2300.679030	2300.679030	41.412946	35.960285	40.058087	21.684960	33.595222	40.620047	17.522570	9.247110	5.298853	0.000000	0.000000	10.000000	0.000000	0.000000	0.000000	0.000000	0.000000	10.000000	0.000000	0.000000	0.000000	1.305947	0.388870	10.329103	0.058809	0.143728	0.108228	A	Moving or Left	A	A	0	0	1	0	0	0	450.000000	111.674622	110.696701	0.000000	0.000000	0.000000	0.344050	0.261639	0.170363	0.146723	2300.679030	2300.420146	2300.420146	2300.679030	2300.679030	2300.679030	2300.558149	2300.558149	0	0	0	0	
6/14/2021 16:56:33	0	2300.436080	2300.436080	2300.695847	2300.695847	41.410622	35.959417	40.072531	21.687433	33.594868	40.615305	17.427392	8.189518	-3.461006	0.000000	0.000000	10.000000	0.000000	0.000000	0.000000	0.000000	0.000000	10.000000	0.000000	0.000000	0.000000	1.332213	0.393794	10.325819	0.058349	0.138475	0.112168	A	Moving or Left	A	A	0	0	1	0	0	0	450.000000	114.341286	113.356422	0.000000	0.000000	0.000000	-0.154684	-0.084421	-0.045678	-0.005294	2300.695847	2300.436080	2300.436080	2300.695847	2300.695847	2300.695847	2300.574939	2300.574939	0	0	0	0	
6/14/2021 16:56:48	0	2300.412291	2300.412291	2300.671045	2300.671045	41.421842	35.965647	40.075785	21.687099	33.595426	40.611741	17.286417	6.966404	-2.567948	0.000000	0.000000	10.000000	0.000000	0.000000	0.000000	0.000000	0.000000	10.000000	0.000000	0.000000	0.000000	1.358480	0.413494	10.330744	0.056740	0.145698	0.110198	A	Moving or Left	A	A	0	0	1	0	0	0	450.000000	116.632950	115.619598	0.000000	0.000000	0.000000	-0.010219	0.072849	0.105682	0.143768	2300.671045	2300.412291	2300.412291	2300.671045	2300.671045	2300.671045	2300.550785	2300.550785	0	0	0	0	
6/14/2021 16:57:03	0	2300.430946	2300.430946	2300.689496	2300.689496	41.416759	35.964779	40.081209	21.689312	33.594878	40.613910	17.535389	9.070219	5.239753	0.000000	0.000000	10.000000	0.000000	0.000000	0.000000	0.000000	0.000000	10.000000	0.000000	0.000000	0.000000	1.397880	0.402003	10.350444	0.059958	0.141758	0.119063	A	Moving or Left	A	A	0	0	1	0	0	0	450.000000	119.257950	118.242744	0.000000	0.000000	0.000000	0.331902	0.249162	0.157558	0.133918	2300.689496	2300.430946	2300.430946	2300.689496	2300.689496	2300.689496	2300.569520	2300.569520	0	0	0	0	
6/14/2021 16:57:18	0	2300.415810	2300.415810	2300.674178	2300.674178	41.437618	35.954086	40.081240	21.690130	33.595213	40.612237	17.468664	8.995906	4.990222	0.000000	0.000000	10.000000	0.000000	0.000000	0.000000	0.000000	0.000000	10.000000	0.000000	0.000000	0.000000	1.266547	0.405286	10.338953	0.057889	0.143071	0.122018	A	Moving or Left	A	A	0	0	1	0	0	0	450.000000	121.507950	120.495941	0.000000	0.000000	0.000000	0.344378	0.263937	0.175945	0.153290	2300.674178	2300.415810	2300.415810	2300.674178	2300.674178	2300.674178	2300.553762	2300.553762	0	0	0	0	
6/14/2021 16:57:33	0	2300.436340	2300.436340	2300.695201	2300.695201	41.428847	35.965802	40.083534	21.691050	33.595278	40.612485	17.468776	8.503157	-0.433800	0.000000	0.000000	10.000000	0.000000	0.000000	0.000000	0.000000	0.000000	10.000000	0.000000	0.000000	0.000000	1.365046	0.382303	10.361936	0.057659	0.152921	0.112168	A	Moving or Left	A	A	0	0	1	0	0	0	450.000000	124.174622	123.149910	0.000000	0.000000	0.000000	0.116517	0.154603	0.128008	0.136217	2300.695201	2300.436340	2300.436340	2300.695201	2300.695201	2300.695201	2300.573905	2300.573905	0	0	0	0	
6/14/2021 16:57:48	0	2300.445736	2300.445736	2300.704080	2300.704080	41.438207	35.959944	40.090601	21.692891	33.595231	40.613538	17.266543	7.500711	2.268360	0.000000	0.000000	10.000000	0.000000	0.000000	0.000000	0.000000	0.000000	10.000000	0.000000	0.000000	0.000000	1.319080	0.415136	10.332386	0.057889	0.147011	0.118078	A	Moving or Left	A	A	0	0	1	0	0	0	450.000000	126.799622	125.813362	0.000000	0.000000	0.000000	0.148037	0.121442	0.117174	0.136217	2300.704080	2300.445736	2300.445736	2300.704080	2300.704080	2300.704080	2300.583508	2300.583508	0	0	0	0	
6/14/2021 16:58:03	0	2300.442875	2300.442875	2300.701089	2300.701089	41.448993	35.951637	40.087253	21.696202	33.595296	40.610377	17.399497	8.667762	5.311986	0.000000	0.000000	10.000000	0.000000	0.000000	0.000000	0.000000	0.000000	10.000000	0.000000	0.000000	0.000000	1.378180	0.379020	10.352086	0.059268	0.136505	0.110198	A	Moving or Left	A	A	0	0	1	0	0	0	450.000000	129.091278	128.108902	0.000000	0.000000	0.000000	0.383450	0.311874	0.217314	0.194331	2300.701089	2300.442875	2300.442875	2300.701089	2300.701089	2300.701089	2300.580621	2300.580621	0	0	0	0	
6/14/2021 16:58:18	0	2300.454231	2300.454231	2300.712654	2300.712654	41.451937	35.958239	40.088152	21.695458	33.595250	40.609974	17.465255	7.947849	4.770240	0.000000	0.000000	10.000000	0.000000	0.000000	0.000000	0.000000	0.000000	10.000000	0.000000	0.000000	0.000000	1.338780	0.400361	10.347161	0.058809	0.143071	0.112168	A	Moving or Left	A	A	0	0	1	0	0	0	450.000000	131.716278	130.709717	0.000000	0.000000	0.000000	0.412671	0.334857	0.266564	0.249819	2300.712654	2300.454231	2300.454231	2300.712654	2300.712654	2300.712654	2300.592081	2300.592081	0	0	0	0	
6/14/2021 16:58:33	0	2300.445106	2300.445106	2300.702882	2300.702882	41.459903	35.955976	40.087532	21.695077	33.595101	40.611896	17.335847	6.902159	-4.226016	0.000000	0.000000	10.000000	0.000000	0.000000	0.000000	0.000000	0.000000	10.000000	0.000000	0.000000	0.000000	1.305947	0.388870	10.330744	0.056970	0.144385	0.117093	A	Moving or Left	A	A	0	0	1	0	0	0	450.000000	133.966293	132.989029	0.000000	0.000000	0.000000	-0.139909	-0.036485	0.028524	0.084341	2300.702882	2300.445106	2300.445106	2300.702882	2300.702882	2300.702882	2300.582257	2300.582257	0	0	0	0	
6/14/2021 16:58:48	0	2300.446659	2300.446659	2300.704098	2300.704098	41.462723	35.958332	40.082325	21.696564	33.594980	40.614096	17.418131	8.978128	5.508984	0.000000	0.000000	10.000000	0.000000	0.000000	0.000000	0.000000	0.000000	10.000000	0.000000	0.000000	0.000000	1.378180	0.382303	10.353728	0.057430	0.139788	0.118078	A	Moving or Left	A	A	0	0	1	0	0	0	450.000000	136.632950	135.615662	0.000000	0.000000	0.000000	0.404135	0.323037	0.236358	0.215344	2300.704098	2300.446659	2300.446659	2300.704098	2300.704098	2300.704098	2300.583578	2300.583578	0	0	0	0	
6/14/2021 16:59:03	0	2300.439410	2300.439410	2300.696875	2300.696875	41.452371	35.955418	40.086137	21.698991	33.595240	40.612392	17.149174	7.641153	4.872022	0.000000	0.000000	10.000000	0.000000	0.000000	0.000000	0.000000	0.000000	10.000000	0.000000	0.000000	0.000000	1.338780	0.379020	10.350444	0.057659	0.146355	0.116108	A	Moving or Left	A	A	0	0	1	0	0	0	450.000000	139.257950	138.241333	0.000000	0.000000	0.000000	0.450429	0.368347	0.316799	0.302024	2300.696875	2300.439410	2300.439410	2300.696875	2300.696875	2300.696875	2300.576794	2300.576794	0	0	0	0	
6/14/2021 16:59:18	0	2300.458280	2300.458280	2300.715773	2300.715773	41.464490	35.964593	40.084774	21.700209	33.594850	40.610563	17.211783	8.028286	5.463018	0.000000	0.000000	10.000000	0.000000	0.000000	0.000000	0.000000	0.000000	10.000000	0.000000	0.000000	0.000000	1.332213	0.385586	10.334028	0.058579	0.140445	0.107243	A	Moving or Left	A	A	0	0	1	0	0	0	450.000000	141.507950	140.587494	0.000000	0.000000	0.000000	0.386405	0.297099	0.221911	0.202211	2300.715773	2300.458280	2300.458280	2300.715773	2300.715773	2300.715773	2300.595950	2300.595950	0	0	0	0	
6/14/2021 16:59:33	0	2300.453597	2300.453597	2300.710986	2300.710986	41.476113	35.965895	40.082666	21.701846	33.595064	40.608548	17.264696	7.709601	3.529150	0.000000	0.000000	10.000000	0.000000	0.000000	0.000000	0.000000	0.000000	10.000000	0.000000	0.000000	0.000000	1.384746	0.390511	10.338953	0.057200	0.144385	0.114138	A	Moving or Left	A	A	0	0	1	0	0	0	450.000000	144.174622	143.137589	0.000000	0.000000	0.000000	0.361123	0.315157	0.268206	0.256057	2300.710986	2300.453597	2300.453597	2300.710986	2300.710986	2300.710986	2300.591551	2300.591551	0	0	0	0	
6/14/2021 16:59:48	0	2300.462889	2300.462889	2300.720071	2300.720071	41.488976	35.971319	40.081736	21.703761	33.595278	40.608486	17.299261	7.354715	4.586375	0.000000	0.000000	10.000000	0.000000	0.000000	0.000000	0.000000	0.000000	10.000000	0.000000	0.000000	0.000000	1.365046	0.382303	10.319253	0.059268	0.141758	0.119063	A	Moving or Left	A	A	0	0	1	0	0	0	450.000000	146.424622	145.432816	0.000000	0.000000	0.000000	0.422193	0.358497	0.300382	0.289875	2300.720071	2300.462889	2300.462889	2300.720071	2300.720071	2300.720071	2300.600611	2300.600611	0	0	0	0	
6/14/2021 17:00:03	0	2300.446674	2300.446674	2300.703881	2300.703881	41.488170	35.963880	40.075661	21.707174	33.595166	40.613383	17.297315	7.781471	-4.038868	0.000000	0.000000	10.000000	0.000000	0.000000	0.000000	0.000000	0.000000	10.000000	0.000000	0.000000	0.000000	1.253414	0.385586	10.325819	0.057200	0.139788	0.119063	A	Moving or Left	A	A	0	0	1	0	0	0	450.000000	149.049622	147.969482	0.000000	0.000000	0.000000	-0.152714	-0.064393	-0.026635	0.020973	2300.703881	2300.446674	2300.446674	2300.703881	2300.703881	2300.703881	2300.584654	2300.584654	0	0	0	0	
6/14/2021 17:00:18	0	2300.454679	2300.454679	2300.711680	2300.711680	41.485318	35.963942	40.075940	21.705612	33.594822	40.617971	17.181135	7.501033	-3.493839	0.000000	0.000000	10.000000	0.000000	0.000000	0.000000	0.000000	0.000000	10.000000	0.000000	0.000000	0.000000	1.384746	0.383945	10.345519	0.059498	0.145698	0.110198	A	Moving or Left	A	A	0	0	1	0	0	0	450.000000	151.674622	150.709229	0.000000	0.000000	0.000000	-0.201307	-0.115941	-0.079496	-0.032545	2300.711680	2300.454679	2300.454679	2300.711680	2300.711680	2300.711680	2300.592763	2300.592763	0	0	0	0	
6/14/2021 17:00:33	0	2300.454687	2300.454687	2300.712438	2300.712438	41.496817	35.960285	40.073926	21.708764	33.595073	40.613352	17.167039	7.143593	2.022112	0.000000	0.000000	10.000000	0.000000	0.000000	0.000000	0.000000	0.000000	10.000000	0.000000	0.000000	0.000000	1.391313	0.383945	10.348803	0.059958	0.147668	0.109213	A	Moving or Left	A	A	0	0	1	0	0	0	450.000000	153.966293	152.944717	0.000000	0.000000	0.000000	0.172661	0.148365	0.147052	0.165110	2300.712438	2300.454687	2300.454687	2300.712438	2300.712438	2300.712438	2300.593418	2300.593418	0	0	0	0	
6/14/2021 17:00:48	0	2300.471709	2300.471709	2300.729462	2300.729462	41.501280	35.962702	40.069927	21.707834	33.594776	40.611338	17.168973	7.939505	1.943313	0.000000	0.000000	10.000000	0.000000	0.000000	0.000000	0.000000	0.000000	10.000000	0.000000	0.000000	0.000000	1.378180	0.410211	10.357011	0.059038	0.141101	0.104288	A	Moving or Left	A	A	0	0	1	0	0	0	450.000000	156.591293	155.587357	0.000000	0.000000	0.000000	0.155260	0.110607	0.099115	0.107980	2300.729462	2300.471709	2300.471709	2300.729462	2300.729462	2300.729462	2300.610027	2300.610027	0	0	0	0	
6/14/2021 17:01:03	0	2300.451918	2300.451918	2300.709489	2300.709489	41.510703	35.961183	40.064193	21.710958	33.595064	40.613600	17.223436	8.724147	5.889848	0.000000	0.000000	10.000000	0.000000	0.000000	0.000000	0.000000	0.000000	10.000000	0.000000	0.000000	0.000000	1.332213	0.415136	10.324178	0.059038	0.135191	0.110198	A	Moving or Left	A	A	0	0	1	0	0	0	450.000000	158.841293	157.930054	0.000000	0.000000	0.000000	0.386076	0.293815	0.194003	0.164453	2300.709489	2300.451918	2300.451918	2300.709489	2300.709489	2300.709489	2300.590417	2300.590417	0	0	0	0	
6/14/2021 17:01:18	0	2300.455087	2300.455087	2300.712503	2300.712503	41.508161	35.958518	40.062799	21.711377	33.595287	40.612082	17.236578	7.469667	0.784306	0.000000	0.000000	10.000000	0.000000	0.000000	0.000000	0.000000	0.000000	10.000000	0.000000	0.000000	0.000000	1.351913	0.383945	10.325819	0.061337	0.140445	0.114138	A	Moving or Left	A	A	0	0	1	0	0	0	450.000000	161.507950	160.506729	0.000000	0.000000	0.000000	0.069566	0.062999	0.084012	0.115204	2300.712503	2300.455087	2300.455087	2300.712503	2300.712503	2300.712503	2300.593119	2300.593119	0	0	0	0	
6/14/2021 17:01:33	0	2300.447440	2300.447440	2300.705192	2300.705192	41.507975	35.965430	40.061218	21.711972	33.595436	40.612640	17.360655	8.475076	-0.578266	0.000000	0.000000	10.000000	0.000000	0.000000	0.000000	0.000000	0.000000	10.000000	0.000000	0.000000	0.000000	1.371613	0.392153	10.330744	0.056970	0.141101	0.123003	A	Moving or Left	A	A	0	0	1	0	0	0	450.000000	164.132950	163.104584	0.000000	0.000000	0.000000	0.089922	0.111592	0.084012	0.093205	2300.705192	2300.447440	2300.447440	2300.705192	2300.705192	2300.705192	2300.585965	2300.585965	0	0	0	0	
6/14/2021 17:01:48	0	2300.458529	2300.458529	2300.716049	2300.716049	41.529020	35.965430	40.058583	21.714687	33.594766	40.615460	17.436876	8.406455	1.647815	0.000000	0.000000	10.000000	0.000000	0.000000	0.000000	0.000000	0.000000	10.000000	0.000000	0.000000	0.000000	1.273114	0.398719	10.322536	0.055131	0.140445	0.116108	A	Moving or Left	A	A	0	0	1	0	0	0	450.000000	166.424622	165.379745	0.000000	0.000000	0.000000	0.212061	0.209763	0.146723	0.136873	2300.716049	2300.458529	2300.458529	2300.716049	2300.716049	2300.716049	2300.596899	2300.596899	0	0	0	0	
6/14/2021 17:02:03	0	2300.468597	2300.468597	2300.725601	2300.725601	41.528556	35.967785	40.060133	21.715300	33.595175	40.613507	17.300241	8.480122	5.614050	0.000000	0.000000	10.000000	0.000000	0.000000	0.000000	0.000000	0.000000	10.000000	0.000000	0.000000	0.000000	1.325647	0.397078	10.337311	0.056740	0.147011	0.109213	A	Moving or Left	A	A	0	0	1	0	0	0	450.000000	169.049622	168.038010	0.000000	0.000000	0.000000	0.367690	0.270504	0.182511	0.158872	2300.725601	2300.468597	2300.468597	2300.725601	2300.725601	2300.725601	2300.606398	2300.606398	0	0	0	0	
6/14/2021 17:02:18	0	2300.465054	2300.465054	2300.722342	2300.722342	41.531500	35.967258	40.057530	21.716342	33.595519	40.615398	17.474194	8.587115	2.202694	0.000000	0.000000	10.000000	0.000000	0.000000	0.000000	0.000000	0.000000	10.000000	0.000000	0.000000	0.000000	1.332213	0.403644	10.363578	0.058579	0.142415	0.108228	A	Moving or Left	A	A	0	0	1	0	0	0	450.000000	171.299622	170.301849	0.000000	0.000000	0.000000	0.262952	0.237671	0.175288	0.165438	2300.722342	2300.465054	2300.465054	2300.722342	2300.722342	2300.722342	2300.602726	2300.602726	0	0	0	0	
6/14/2021 17:02:33	0	2300.463369	2300.463369	2300.721330	2300.721330	41.541077	35.965833	40.054895	21.718927	33.595157	40.611679	17.256613	7.581036	4.133278	0.000000	0.000000	10.000000	0.000000	0.000000	0.000000	0.000000	0.000000	10.000000	0.000000	0.000000	0.000000	1.332213	0.388870	10.348803	0.059728	0.139131	0.107243	A	Moving or Left	A	A	0	0	1	0	0	0	450.000000	173.966293	173.019012	0.000000	0.000000	0.000000	0.372943	0.303337	0.249819	0.233731	2300.721330	2300.463369	2300.463369	2300.721330	2300.721330	2300.721330	2300.601066	2300.601066	0	0	0	0	
6/14/2021 17:02:48	0	2300.468877	2300.468877	2300.726865	2300.726865	41.540984	35.967196	40.054027	21.718332	33.595008	40.617072	17.107009	7.230923	0.804006	0.000000	0.000000	10.000000	0.000000	0.000000	0.000000	0.000000	0.000000	10.000000	0.000000	0.000000	0.000000	1.384746	0.382303	10.355369	0.057430	0.140445	0.115123	A	Moving or Left	A	A	0	0	1	0	0	0	450.000000	176.591293	175.599030	0.000000	0.000000	0.000000	0.046254	0.041986	0.063327	0.094519	2300.726865	2300.468877	2300.468877	2300.726865	2300.726865	2300.726865	2300.606316	2300.606316	0	0	0	0	
6/14/2021 17:03:03	0	2300.473981	2300.473981	2300.731865	2300.731865	41.548454	35.956131	40.047797	21.719671	33.595194	40.616204	17.281247	7.806502	4.103728	0.000000	0.000000	10.000000	0.000000	0.000000	0.000000	0.000000	0.000000	10.000000	0.000000	0.000000	0.000000	1.365046	0.393794	10.363578	0.059498	0.143728	0.117093	A	Moving or Left	A	A	0	0	1	0	0	0	450.000000	178.841293	177.853683	0.000000	0.000000	0.000000	0.338140	0.274116	0.207464	0.194660	2300.731865	2300.473981	2300.473981	2300.731865	2300.731865	2300.731865	2300.611187	2300.611187	0	0	0	0	
6/14/2021 17:03:18	0	2300.450468	2300.450468	2300.708635	2300.708635	41.543929	35.967227	40.048231	21.722144	33.595157	40.615677	16.974018	6.895229	-3.690837	0.000000	0.000000	10.000000	0.000000	0.000000	0.000000	0.000000	0.000000	10.000000	0.000000	0.000000	0.000000	1.312514	0.387228	10.329103	0.055361	0.144385	0.121033	A	Moving or Left	A	A	0	0	1	0	0	0	450.000000	181.507950	180.536697	0.000000	0.000000	0.000000	-0.195725	-0.091973	-0.045678	0.007840	2300.708635	2300.450468	2300.450468	2300.708635	2300.708635	2300.708635	2300.587336	2300.587336	0	0	0	0	
6/14/2021 17:03:33	0	2300.467680	2300.467680	2300.725228	2300.725228	41.547524	35.971690	40.049223	21.721651	33.594906	40.613476	16.825654	6.852382	2.606540	0.000000	0.000000	10.000000	0.000000	0.000000	0.000000	0.000000	0.000000	10.000000	0.000000	0.000000	0.000000	1.312514	0.402003	10.322536	0.056510	0.141758	0.114138	A	Moving or Left	A	A	0	0	1	0	0	0	450.000000	183.757950	182.780563	0.000000	0.000000	0.000000	0.142127	0.112249	0.086639	0.097474	2300.725228	2300.467680	2300.467680	2300.725228	2300.725228	2300.725228	2300.604653	2300.604653	0	0	0	0	
6/14/2021 17:03:48	0	2300.489212	2300.489212	2300.747176	2300.747176	41.557070	35.971597	40.054151	21.722200	33.594868	40.615708	17.070870	7.073670	5.098571	0.000000	0.000000	10.000000	0.000000	0.000000	0.000000	0.000000	0.000000	10.000000	0.000000	0.000000	0.000000	1.338780	0.403644	10.343878	0.058349	0.150295	0.120048	A	Moving or Left	A	A	0	0	1	0	0	0	450.000000	186.382950	185.367996	0.000000	0.000000	0.000000	0.449444	0.364078	0.303665	0.282652	2300.747176	2300.489212	2300.489212	2300.747176	2300.747176	2300.747176	2300.625901	2300.625901	0	0	0	0	
6/14/2021 17:04:03	0	2300.479959	2300.479959	2300.737405	2300.737405	41.565532	35.961989	40.056786	21.722460	33.595027	40.612825	17.463680	8.063284	0.521641	0.000000	0.000000	10.000000	0.000000	0.000000	0.000000	0.000000	0.000000	10.000000	0.000000	0.000000	0.000000	1.312514	0.393794	10.330744	0.054672	0.143071	0.122018	A	Moving or Left	A	A	0	0	1	0	0	0	450.000000	189.049622	188.106796	0.000000	0.000000	0.000000	0.036076	0.048224	0.046254	0.077117	2300.737405	2300.479959	2300.479959	2300.737405	2300.737405	2300.737405	2300.616415	2300.616415	0	0	0	0	
6/14/2021 17:04:18	0	2300.460781	2300.460781	2300.718122	2300.718122	41.571018	35.966731	40.052849	21.724348	33.595036	40.613879	17.095380	7.511646	4.770240	0.000000	0.000000	10.000000	0.000000	0.000000	0.000000	0.000000	0.000000	10.000000	0.000000	0.000000	0.000000	1.240281	0.395436	10.325819	0.056970	0.140445	0.119063	A	Moving or Left	A	A	0	0	1	0	0	0	450.000000	191.299622	190.210739	0.000000	0.000000	0.000000	0.380823	0.325992	0.262624	0.250476	2300.718122	2300.460781	2300.460781	2300.718122	2300.718122	2300.718122	2300.597780	2300.597780	0	0	0	0	
6/14/2021 17:04:33	0	2300.481829	2300.481829	2300.739094	2300.739094	41.571018	35.964345	40.051858	21.723892	33.594999	40.616855	17.298331	7.366232	0.144061	0.000000	0.000000	10.000000	0.000000	0.000000	0.000000	0.000000	0.000000	10.000000	0.000000	0.000000	0.000000	1.299380	0.402003	10.334028	0.055821	0.142415	0.122018	A	Moving or Left	A	A	0	0	1	0	0	0	450.000000	193.924622	193.028778	0.000000	0.000000	0.000000	-0.011860	0.002915	-0.000040	0.027211	2300.739094	2300.481829	2300.481829	2300.739094	2300.739094	2300.739094	2300.618544	2300.618544	0	0	0	0	
6/14/2021 17:04:48	0	2300.492149	2300.492149	2300.749363	2300.749363	41.578488	35.960470	40.050773	21.724589	33.594859	40.614995	17.411201	9.149267	5.679716	0.000000	0.000000	10.000000	0.000000	0.000000	0.000000	0.000000	0.000000	10.000000	0.000000	0.000000	0.000000	1.338780	0.383945	10.340594	0.058119	0.145698	0.114138	A	Moving or Left	A	A	0	0	1	0	0	0	450.000000	196.216293	195.182098	0.000000	0.000000	0.000000	0.351930	0.263281	0.165438	0.136873	2300.749363	2300.492149	2300.492149	2300.749363	2300.749363	2300.749363	2300.628813	2300.628813	0	0	0	0	
6/14/2021 17:05:03	0	2300.498382	2300.498382	2300.754406	2300.754406	41.574551	35.973333	40.052570	21.727267	33.595175	40.621256	17.254604	7.820648	5.111704	0.000000	0.000000	10.000000	0.000000	0.000000	0.000000	0.000000	0.000000	10.000000	0.000000	0.000000	0.000000	1.404446	0.387228	10.347161	0.058349	0.144385	0.112168	A	Moving or Left	A	A	0	0	1	0	0	0	450.000000	198.841293	197.881042	0.000000	0.000000	0.000000	0.371301	0.300382	0.228478	0.208121	2300.754406	2300.498382	2300.498382	2300.754406	2300.754406	2300.754406	2300.634503	2300.634503	0	0	0	0	
6/14/2021 17:05:18	0	2300.482323	2300.482323	2300.738916	2300.738916	41.582579	35.966452	40.054213	21.727230	33.595017	40.620357	16.695998	5.228733	-3.710537	0.000000	0.000000	10.000000	0.000000	0.000000	0.000000	0.000000	0.000000	10.000000	0.000000	0.000000	0.000000	1.338780	0.398719	10.324178	0.058809	0.141101	0.113153	A	Moving or Left	A	A	0	0	1	0	0	0	450.000000	201.466293	200.451538	0.000000	0.000000	0.000000	-0.094928	0.015063	0.080072	0.137202	2300.738916	2300.482323	2300.482323	2300.738916	2300.738916	2300.738916	2300.618599	2300.618599	0	0	0	0	
6/14/2021 17:05:33	0	2300.500072	2300.500072	2300.756563	2300.756563	41.592590	35.964035	40.050029	21.729508	33.595175	40.617072	17.237272	6.528639	-4.281832	0.000000	0.000000	10.000000	0.000000	0.000000	0.000000	0.000000	0.000000	10.000000	0.000000	0.000000	0.000000	1.417579	0.385586	10.353728	0.058809	0.149638	0.112168	A	Moving or Left	A	A	0	0	1	0	0	0	450.000000	203.757950	202.804306	0.000000	0.000000	0.000000	-0.155341	-0.049947	0.012764	0.066939	2300.756563	2300.500072	2300.500072	2300.756563	2300.756563	2300.756563	2300.636762	2300.636762	0	0	0	0	
